1985 3130
146 177 193 225 C
207 199 230 226 A
248 197 287 224 P.
305 193 331 226 i.
570 176 645 225 De
666 175 786 239 Causa
805 174 906 223 Det,
982 173 1130 240 Coroll.
1176 190 1276 243 pars
1290 193 1366 239 27.
1758 196 1800 227 21

145 274 177 306 A
203 273 292 305 venia
301 272 478 316 desperauit:
503 270 776 316 Maior,inquit,est
784 271 927 314 iniquitas
935 280 1012 308 mea,
1021 281 1112 313 quam
1120 281 1153 303 vt
1163 271 1284 302 veniam
1295 273 1539 315 merear‚Gen.4.

245 318 354 352 Iudaici
365 330 381 350 a
393 318 501 351 luda-is
510 318 658 354 dicuntur,
667 318 718 361 qui
728 327 853 362 propter
862 315 1085 349 multitudinem
1099 326 1292 359 peccatorum
1304 318 1424 350 suorum
1433 319 1597 362 desperant:
1622 319 1690 351 Per-

203 365 340 398 rinaciter
350 375 481 409 namque
489 364 624 402 credunt,
634 370 665 396 δι
675 363 749 396 mihi
759 362 811 406 ipfi
822 372 922 405 pauco
931 373 1069 405 tempore
1079 362 1205 395 evoluto
1222 364 1393 396 constanter
1401 365 1539 398 dixerunt
1547 391 1556 404 ,
1570 365 1657 409 quod
1668 364 1688 396 ii

202 413 269 457 quis
277 421 383 456 quarta
392 413 455 444 vice
462 411 639 454 peccauerit,
647 421 710 442 non
720 408 760 440 est
770 408 796 440 ci
805 406 953 451 possibilis
962 409 1060 444 venia,
1073 418 1128 439 nec
1137 409 1319 452 poenitentiae
1329 409 1476 443 medicina
1488 436 1495 447 ‚
1507 412 1590 454 quod
1606 411 1690 443 intel-

201 458 281 501 ligen
287 457 358 489 dum
368 457 409 489 est
418 456 455 489 de
464 455 574 488 eodem
585 465 694 500 genere
702 456 830 499 peccati,
841 454 872 488 ὅ(
880 453 963 486 deco
975 455 1026 498 qui
1034 454 1113 498 aliqu
1119 454 1201 487 ando
1210 454 1307 498 lapsus
1317 455 1356 487 est
1366 457 1395 487 in
1406 467 1561 499 peccatum
1571 482 1579 494 ,
1597 456 1627 490 ὃ(
1637 468 1690 500 per

200 500 439 535 misericordiam
451 503 524 540 Dei,
532 506 562 533 δι
574 502 786 545 poenitentiam
797 501 954 533 resurrexit
964 511 972 534 ·,
986 501 1037 544 qui
1046 504 1077 532 ὅ(
1088 500 1153 543 post
1163 500 1377 544 poenitentiam
1384 503 1552 535 recidiuans
1562 502 1689 536 secundo

201 550 241 582 est
251 547 357 592 lapsus,
366 549 397 582 ἃ
405 548 537 581 secundo
547 546 679 581 similiter
685 547 854 583 resurrexit,
862 549 912 590 qui
922 546 951 583 ὃ(
960 546 1059 579 adhuc
1069 545 1263 579 recidiuando
1273 549 1361 578 tertio
1371 547 1491 587 labitur,
1498 550 1585 581 tertio
1594 559 1687 593 quoq³

200 594 325 638 resurgit
338 596 404 638 ,qui
415 592 578 627 secundum
588 592 679 638 ipsos,
690 592 709 625 fi
720 603 833 637 quarto
841 592 961 631 labitur,
968 590 1117 636 resurgere
1126 603 1190 625 non
1198 591 1308 625 valebit
1317 617 1326 632 ,
1336 593 1385 625 sed
1395 597 1493 626 omnis
1510 596 1536 626 ei
1547 595 1689 627 adii-nitur

202 641 266 685 spes
275 640 382 673 salutis.
409 640 484 673 Haec
492 651 593 673 autem
601 650 709 672 eorum
723 641 832 682 opinio
842 637 960 671 videtur
973 639 1014 671 eis
1027 637 1159 677 fundati,
1172 639 1270 669 Amos
1283 648 1294 670 1
1303 663 1310 671 .
1329 638 1381 671 vbi
1389 641 1545 673 Dominus
1556 641 1625 671 dicit
1635 642 1688 679 ita;

202 688 299 731 Super
306 686 399 719 tribus
408 685 563 719 sceleribus
572 687 724 721 Damasci,
733 686 764 719 ἃ
773 683 859 728 super
866 694 997 729 quatuor
1005 695 1067 718 non
1077 694 1254 717 conuertam
1263 696 1331 717 eum
1343 698 1351 717 ,-
1369 685 1400 719 ἁ
1410 696 1447 718 ita
1456 688 1492 719 de
1500 686 1591 718 tribus
1602 686 1616 716 s
1614 687 1689 719 cele-

200 731 283 765 ribus
292 739 322 766 &
331 743 475 777 quatuor,
484 733 588 771 Gazae,
597 732 685 775 Tyri,
694 730 964 769 Edom,Ammon,
974 729 1083 769 Moab,
1093 730 1167 762 Iuda
1178 737 1209 763 &
1222 729 1310 762 lsrael
1319 729 1543 775 consequenter.
1564 733 1598 764 'kt
1607 744 1687 776 quae-

200 781 278 810 renti
288 777 363 810 mihi
372 778 389 810 a
397 777 533 822 quodam
542 780 639 822 perito
649 775 763 814 Iudaeo,
781 774 800 808 si
810 777 967 819 contingat
976 786 1146 820 quenquam
1157 777 1232 808 inter
1240 787 1292 808 eos
1302 787 1409 821 quarto
1418 788 1554 820 peccare,
1563 778 1636 822 quid
1644 779 1688 810 fa-

147 825 172 859 B
200 834 297 858 ceret:
314 820 479 868 respondit,
488 823 589 866 Qiod
607 822 754 868 quicquid
768 820 897 858 libuerit,
911 822 984 854 ficut
1001 822 1163 855 certissime
1179 820 1315 854 Diabolo
1333 823 1460 856 traditus
1475 824 1505 858 ὃ(
1516 823 1688 862 damnatus,

199 869 360 906 &tandem
370 868 547 908 fortassis‚in
556 869 657 914 aliquo
672 878 800 901 nemore
816 878 868 901 aut
883 866 1000 900 deserto
1018 866 1176 912 vagabitur
1185 866 1380 907 errabundus,
1395 870 1425 903 ὃ(
1435 870 1536 915 aliqua
1545 868 1572 901 se
1582 868 1688 902 misera

199 926 299 949 morte
309 914 423 959 perdet.

258 962 317 994 Sed
327 972 387 995 tam
396 960 466 1000 hos,
474 961 569 1006 quarn
578 960 645 994 illos
655 961 750 1004 prima
759 957 935 1003 Suppofitio
943 960 1049 1004 arguit,
1056 957 1087 992 ὅ(
1102 958 1219 990 reducit
1228 958 1265 991 ad
1275 958 1357 1002 spem
1367 957 1688 999 misericordiae,veniae

199 1007 230 1042 ἃ
239 1007 352 1041 salutis.
375 1008 546 1052 Sinamque
553 1009 635 1040 Deus
644 1007 683 1039 est
692 1004 806 1038 summe
815 1004 925 1044 bonus,
939 1007 978 1038 ita
987 1004 1073 1048 quod
1083 1004 1158 1037 nihil
1173 1005 1277 1037 melius
1289 1006 1346 1037 esse
1358 1003 1451 1048 posset
1464 1019 1470 1036 :
1484 1007 1521 1038 est
1531 1006 1561 1040 ὃ(
1570 1006 1688 1041 summe

198 1052 379 1089 misericors,
390 1055 430 1086 ita
439 1053 523 1098 quod
537 1053 610 1086 nihil
620 1051 844 1085 misericordius
861 1049 954 1094 possit
970 1049 1027 1084 esse
1038 1074 1047 1087 ,
1064 1061 1116 1084 aut
1134 1053 1223 1083 etiam
1233 1052 1369 1094 cogitari.
1389 1051 1435 1083 Est
1445 1057 1476 1084 δε
1489 1051 1573 1085 simili
1587 1053 1688 1085 modo

197 1096 316 1132 summe
331 1101 399 1143 pius
409 1099 578 1134 &clemens
588 1123 599 1139 ‚
617 1098 734 1131 summe
749 1097 835 1129 diues
850 1097 880 1132 ἃ
895 1108 1002 1140 petens
1010 1121 1019 1135 ,
1037 1094 1153 1130 summe
1170 1095 1311 1136 liberalis,
1325 1097 1445 1129 stimme
1455 1097 1688 1141 largus,sumrne

198 1144 388 1189 magnificus,
398 1144 429 1179 ὅ(
437 1144 622 1179 bonitatibus
632 1142 779 1177 omnibus
788 1141 904 1176 summe
912 1141 1057 1179 bonus&
1066 1141 1153 1186 supra
1163 1153 1254 1186 quam
1265 1143 1390 1185 intelligi
1399 1143 1496 1174 valeat
1506 1143 1618 1178 stimme
1629 1145 1692 1189 ple-

197 1202 266 1229 nus,
273 1189 345 1224 sicut
354 1193 440 1224 tertia
450 1195 481 1222 δι
490 1203 594 1235 quarta
601 1200 699 1236 partes
710 1189 887 1222 ostendunt:
909 1189 993 1230 Qis
1001 1190 1081 1221 enim
1089 1189 1138 1220 vel
1146 1188 1250 1221 leuiter
1259 1188 1370 1221 liaelitat
1379 1188 1691 1234 m=seric0rdiam‚pie-

197 1246 302 1276 tatem,
309 1238 515 1275 clementiam,
525 1240 708 1282 potentiam,
717 1234 940 1274 liberalitatem,
948 1235 1128 1278 largitatem,
1137 1233 1438 1278 magnificentiani‚&
1449 1244 1551 1267 caetera
1559 1236 1625 1270 talia
1633 1232 1691 1271 effe

197 1283 434 1324 praeclarissimas
443 1282 595 1316 bonitates
605 1282 784 1322 ,Peccatum
794 1291 890 1313 autem
907 1280 1040 1313 hominis
1054 1290 1324 1324 quantumcunque
1341 1290 1499 1322 magnum,
1510 1280 1629 1314 finitum
1637 1283 1692 1324 est,

196 1332 227 1362 ὅ(
236 1340 370 1372 paruum.
399 1325 494 1361 Posset
504 1331 583 1361 enim
593 1329 704 1371 augeri,
712 1327 867 1371 possetque
876 1324 934 1358 effe
942 1337 1097 1369 peccatum
1106 1325 1186 1359 aliud
1197 1327 1293 1358 maius
1306 1326 1370 1364 illo,
1390 1327 1455 1357 imo
1465 1326 1502 1357 est
1513 1326 1590 1370 quasi
1600 1334 1612 1369 Η
1620 1338 1689 1371 μοι.
1709 1328 1722 1367 ΙΙ
1738 1330 1850 1367 penitus.

142 1378 173 1412 C
195 1375 255 1406 [ius
264 1374 405 1410 nihilum,
420 1379 451 1409 &
461 1376 548 1407 inane
557 1372 688 1418 respestu
699 1374 807 1406 diiiinae
817 1370 1036 1409 misericordiae,
1045 1373 1162 1415 pietatis
1172 1370 1376 1405 &clementiae
1384 1370 1582 1405 infinitissinic*
1591 1373 1691 1406 infini-

195 1429 244 1459 ta,
253 1419 542 1465 ficurquodcunqiie
550 1419 669 1452 finitum
678 1443 689 1459 ‚
706 1419 842 1464 respestu
859 1415 1014 1450 cuiussibet
1032 1416 1153 1450 infiniti.
1177 1417 1242 1449 Cur
1257 1428 1330 1463 ergo
1346 1428 1427 1450 tanta
1444 1418 1645 1452 milericordia
1659 1420 1690 1454 ὅ(

196 1470 390 1510 pietas,tanta
399 1466 558 1499 clementia
567 1466 597 1500 ὅ(
606 1465 748 1509 potestas,
757 1476 821 1496 non
831 1462 924 1507 possit
930 1463 1078 1496 tantillum
1089 1473 1242 1506 peccatum
1254 1461 1405 1508 superare,
1417 1463 1533 1500 tollere,
1544 1468 1574 1498 δι
1582 1476 1691 1508 purga-

199 1523 231 1544 re
242 1519 250 1543 ἓ
263 1512 331 1544 Cur
340 1511 588 1545 tantaliberalitas
598 1535 606 1548 ‚
616 1515 646 1545 ὅ(
657 1519 736 1544 tanta
744 1511 877 1554 largitas,
887 1509 919 1543 ἂ
928 1519 991 1541 tam
1007 1520 1118 1552 magna
1133 1508 1359 1552 magnificentia
1375 1520 1437 1540 non
1453 1512 1543 1552 possit
1553 1509 1689 1543 debitum

196 1557 347 1591 tantillum
357 1557 504 1590 dimittere
514 1557 577 1590 filio
586 1555 720 1601 prodigo
731 1556 901 1601 poenitenti,
910 1553 1062 1588 humiliter
1071 1554 1245 1598 supplicanti
1256 1579 1264 1592 ,
1280 1555 1310 1590 ἃ
1325 1553 1405 1587 vnde
1413 1555 1548 1587 redderet
1558 1567 1620 1587 non
1637 1556 1690 1590 ha-

196 1603 280 1636 benti
290 1610 298 1634 3
310 1604 376 1635 Cur
385 1615 448 1636 non
458 1603 602 1636 tantillam
611 1604 675 1635 eius
685 1602 884 1646 indigentiam
892 1599 1064 1643 plenissime
1071 1601 1285 1638 releuare,imo
1297 1600 1328 1633 &
1337 1600 1411 1632 vltra
1421 1599 1485 1632 hfec
1494 1601 1592 1644 aliqua
1605 1613 1690 1645 mag-

195 1660 235 1682 na
244 1659 368 1682 munera
375 1648 498 1682 cidare?
510 1648 668 1691 praesertim
677 1647 747 1679 curn
758 1658 796 1680 ex
813 1646 1048 1682 dimissionibus,
1059 1652 1089 1678 3<
1105 1645 1316 1688 largitionibus
1331 1645 1447 1682 talibus,
1461 1646 1548 1690 ipsius
1564 1646 1690 1687 diuitiae,

197 1696 229 1730 ὃ(
238 1697 332 1739 copiae
340 1694 465 1728 infinitae
474 1694 553 1727 nulla
563 1694 668 1736 inopia
676 1694 861 1731 minuantur,
868 1690 944 1725 nihil
953 1692 979 1723 ei
988 1690 1135 1724 decrescat
1146 1703 1153 1721 τ
1165 1689 1213 1723 sed
1222 1690 1455 1735 quodammodo
1466 1693 1561 1735 magis
1578 1696 1690 1725 accres-

198 1752 244 1774 cat
252 1751 345 1774 vnum
354 1739 556 1773 inaestimabile
564 1739 668 1775 locale,
678 1750 736 1772 vna
745 1736 902 1772 clarissima
910 1739 1079 1781 margarita,
1089 1747 1149 1769 vna
1156 1735 1379 1780 prmtiocissima
1391 1739 1503 1773 anima,
1513 1749 1571 1768 vna
1580 1737 1691 1782 dignis.

197 1785 272 1818 lima
280 1797 423 1823 creatura,
434 1792 464 1819 δε
473 1797 526 1831 per
535 1786 618 1818 illam
628 1785 690 1817 aliae
698 1782 796 1817 forsan
804 1784 915 1816 multae.
923 1782 1007 1815 Cum
1017 1783 1107 1815 etiam
1118 1792 1170 1825 per
1178 1780 1239 1813 hoc
1247 1783 1329 1813 ciues
1336 1784 1397 1814 eius
1407 1781 1604 1815 domestici&
1614 1786 1690 1817 ami-

198 1834 225 1865 ci
234 1843 350 1876 magno
359 1832 472 1876 gaudio
482 1830 717 1875 graculemun&
729 1830 825 1873 magis
836 1840 906 1862 eum
915 1828 1052 1865 laudent,
1062 1826 1283 1872 glorificent,&
1297 1827 1437 1861 adorent.

241 1879 360 1911 Nonne
369 1878 520 1919 porentius
529 1879 569 1910 est
577 1874 658 1920 posse
667 1875 730 1908 haec
747 1875 845 1908 facete
857 1898 865 1911 ‚
882 1875 974 1920 quam
989 1885 1053 1906 non
1067 1871 1151 1918 posse
1161 1879 1169 1903 ?
1180 1872 1210 1906 ὅ(
1226 1883 1330 1905 nonne
1339 1874 1572 1911 misericordius,
1586 1874 1617 1909 ὅ(
1626 1876 1687 1908 cle-

143 1945 174 1978 D
199 1927 342 1961 mentius,
353 1923 517 1962 liberalius,
525 1930 556 1957 3<
573 1921 814 1966 magnificentius
833 1921 873 1953 est
892 1930 1050 1964 potentem
1066 1919 1105 1951 fic
1121 1918 1217 1951 facere
1234 1920 1354 1957 misero,
1369 1919 1529 1963 indigenti,
1541 1923 1685 1954 veraciter

199 1971 372 2015 paenitenti,
382 1968 517 2003 desistere
524 1970 729 2014 proponenti,
739 1968 770 2003 ἃ
785 1966 940 2000 humiliter
957 1964 1145 2010 supplicanti3
1155 1975 1249 2008 quam
1258 1975 1391 1997 auertere
1400 1964 1524 2003 faciem,
1532 1965 1685 2000 obstruere

199 2027 316 2055 aurem,
324 2027 389 2053 cor,
398 2014 680 2057 incompassibiliter
688 2013 848 2050 obdurare,
865 2012 1021 2047 &fontem
1032 2009 1258 2044 innumerabilis
1272 2008 1483 2043 misericordiae
1493 2009 1602 2045 miseris
1611 2024 1687 2056 prae-

199 2073 337 2106 paratum
345 2061 575 2094 misericorditer
583 2059 741 2093 obturare?
754 2059 871 2092 Nonne
878 2069 951 2102 ergo
960 2054 1041 2102 polle
1050 2055 1087 2088 fic
1097 2057 1204 2093 facere,
1216 2067 1306 2101 atquc
1314 2057 1353 2088 fic
1362 2055 1458 2089 fiiccre
1468 2059 1686 2091 conuenientis-

200 2107 272 2141 sime
281 2109 426 2140 conuenit
434 2106 520 2139 bono
528 2108 609 2144 Deo,
618 2117 652 2139 ac
659 2103 870 2138 decentissime
878 2115 947 2137 eum
956 2103 1040 2137 decet
1049 2127 1060 2141 ,
1070 2102 1141 2135 ficut
1150 2101 1327 2146 Suppositio
1337 2104 1434 2145 prima
1448 2105 1601 2135 monstrat.
1619 2106 1686 2144 Qui

201 2156 291 2186 etiam
297 2153 405 2186 dixerit
412 2153 502 2198 vsque
511 2152 549 2184 ad
558 2163 687 2190 tantum,
695 2163 744 2184 aut
751 2150 976 2194 tantum,potest
984 2150 1066 2182 Deus
1073 2159 1228 2192 peccatum
1239 2148 1398 2183 dimittere,
1408 2148 1570 2187 abluere‚&
1577 2160 1688 2193 purga-

200 2210 242 2235 re,
251 2199 282 2233 ἃ
293 2199 369 2232 vltra
378 2210 441 2232 non
451 2199 560 2244 potest,
571 2198 820 2234 nonnebouitati‚
828 2196 938 2229 dirinae
948 2196 1102 2239 potentiae‚
1113 2199 1144 2226 δε
1154 2194 1364 2227 misericordia:
1377 2195 1503 2227 infinitae
1518 2194 1687 2238 simpliciter

201 2243 508 2290 omniquaquefinem
518 2245 681 2288 praestituit,
690 2243 818 2275 limitem
830 2242 860 2276 ὅ(
870 2240 1041 2274 mensuram
1052 2249 1060 2272 ἒ
1070 2242 1101 2276 ὅ(
1116 2242 1211 2283 ipsam
1225 2238 1307 2284 quasi
1323 2239 1376 2272 sub
1388 2240 1495 2272 modio
1512 2243 1686 2284 comprimit

201 2297 235 2325 ε(
244 2292 395 2323 contestat?
406 2293 595 2334 Quicunque
610 2301 684 2333 ergo
700 2299 934 2335 quantacunque
951 2298 1061 2331 magna
1074 2286 1284 2330 magnitudine
1299 2287 1409 2328 pcccati
1425 2283 1574 2330 depressus
1585 2288 1685 2320 secure

202 2338 360 2381 poeniteat,
370 2336 573 2370 indubitanter
582 2336 719 2374 accedat,
727 2344 839 2366 certam
848 2332 929 2378 spem
940 2332 1056 2365 hauriat
1065 2332 1286 2368 misericordiae,
1298 2334 1405 2368 veniae,
1413 2332 1444 2367 ὅ(
1454 2332 1563 2366 salutis,
1578 2333 1686 2371 Quare

203 2384 234 2418 ot
242 2384 417 2428 quicunque
433 2381 618 2425 quantalibet
633 2381 727 2414 multa
744 2379 935 2412 multitudine
952 2389 1144 2423 peccatorum
1160 2376 1316 2411 transtixus
1333 2377 1520 2410 confidenter
1529 2377 1628 2410 redeat
1647 2377 1685 2411 ad

202 2431 286 2472 spem
298 2430 376 2461 vitae.
395 2427 570 2468 Quodlibet
586 2437 719 2470 namque
733 2436 925 2470 peccatorum
940 2426 1062 2457 suorum
1079 2424 1197 2457 finitum
1206 2423 1246 2455 est
1264 2430 1294 2456 δε
1309 2434 1434 2466 paruum
1452 2435 1459 2454 :
1480 2434 1570 2467 quare
1579 2423 1609 2456 ὅ(
1619 2433 1685 2456 tota

149 2479 175 2512 Ε
203 2473 366 2508 multitudo
376 2473 509 2506 limiliter
516 2473 637 2506 suorum
646 2474 787 2504 omnium
796 2482 989 2516 peccatorum
1000 2496 1008 2509 ,
1024 2469 1182 2515 praesertim
1197 2469 1267 2502 cum
1277 2470 1383 2500 omnia
1398 2468 1493 2505 illam
1503 2467 1618 2504 dicunt,
1630 2468 1684 2502 fint

204 2530 345 2565 quatuor,
356 2520 404 2552 vel
414 2520 514 2552 saltem
525 2518 613 2551 finito
621 2519 651 2554 ὃ(
660 2517 743 2551 breui
752 2529 881 2550 numero
895 2515 1137 2561 compraehensa:
1154 2514 1306 2558 polletque
1323 2525 1388 2546 tota
1399 2514 1445 2546 illa
1456 2513 1622 2546 multitudo
1630 2515 1684 2547 ad—

205 2565 266 2598 huc
275 2565 432 2609 peccando
442 2566 561 2599 vlterius
571 2566 616 2606 [in
629 2565 770 2604 numero]
781 2563 931 2606 adaugeri,
939 2563 1129 2606 poffetquein
1139 2562 1251 2594 malitia
1258 2561 1457 2604 augmentati,
1467 2560 1497 2594 5<
1505 2561 1534 2591 in
1544 2559 1682 2602 duplo,&

205 2611 236 2643 in
245 2611 400 2654 centuplo,
409 2612 439 2646 ὅ(
450 2621 594 2655 quantum
605 2610 733 2643 volueris
743 2611 841 2642 maior
848 2607 914 2646 effe.
926 2608 945 2641 fi
963 2609 1028 2640 viz:
1047 2605 1186 2653 quaelibet
1200 2608 1298 2641 vnitas
1316 2605 1474 2650 quodlibet
1489 2616 1684 2648 peccatorum

207 2655 384 2700 simplicium
393 2654 603 2692 effetaustum‚
617 2657 648 2691 ἂ
664 2655 930 2700 proportionaliter
946 2663 1193 2697 augmentatum:
1210 2653 1366 2696 potestque
1377 2649 1432 2684 esse
1449 2650 1612 2684 multitudo
1626 2651 1684 2683 alia

206 2713 401 2746 peccatorum
412 2704 507 2735 maior
516 2712 658 2738 numero,
671 2701 702 2735 ἃ
712 2704 741 2733 in
752 2701 863 2734 malitia
873 2700 1075 2745 multipliciter
1084 2699 1180 2731 maior
1190 2698 1250 2731 illa.
1273 2698 1349 2731 Haec
1363 2708 1435 2740 ergo
1445 2696 1606 2730 multitudo
1617 2695 1685 2728 fini-

207 2760 236 2784 ta
247 2748 286 2781 est
296 2756 326 2783 δέ
339 2748 468 2793 paruula,
476 2747 636 2792 quafinihil
644 2746 774 2791 respestu
783 2747 892 2779 diuinae
903 2745 1120 2781 misericordiae,
1130 2744 1161 2778 ἂ
1177 2744 1493 2787 potentiae‚pictatis,&
1508 2743 1686 2781 clementiae,

206 2797 361 2838 largitatis,
373 2801 404 2827 &
413 2793 641 2839 magnificentiae
649 2792 846 2826 infinirissime
854 2791 978 2825 infinitae
988 2789 1073 2836 supra
1082 2802 1210 2823 omnem
1219 2801 1376 2823 numerum
1387 2790 1418 2824 ὃ(
1425 2791 1590 2821 mensuram
1600 2812 1608 2826 ,
1616 2787 1688 2822 sicut

207 2843 305 2888 prima
314 2840 491 2885 Suppofitio
501 2850 570 2872 cum
580 2843 664 2872 tertia
675 2845 705 2872 δε
715 2850 818 2883 quarta
827 2837 958 2882 partibus
969 2838 1045 2871 clare
1054 2838 1229 2875 monstrant,
1238 2837 1268 2870 ὅ(
1278 2846 1381 2868 caetera
1390 2835 1462 2866 sicut
1472 2834 1563 2878 supra.

251 2889 334 2933 Qis
342 2886 572 2932 insuperaudeat
581 2885 690 2923 dicere,
701 2886 738 2919 ad
747 2895 876 2921 tantum,
887 2894 1064 2917 auttantum
1074 2893 1231 2916 numerum
1241 2883 1338 2928 potest
1354 2883 1438 2914 Deus
1452 2890 1571 2925 peccata
1586 2876 1688 2910 dimit-

1612 2933 1687 2965 tete,
