1985 3130
214 163 285 204 330
784 138 953 189 ‘Thomae
967 136 1259 188 Pradwardini
1687 142 1729 192 L
1741 161 1755 192 1
1768 164 1810 193 B.
1825 163 1858 196 1.

323 239 355 269 N
362 237 441 269 ullus
451 249 525 281 ergo
536 237 633 281 potest
641 235 714 268 iuste
724 234 814 271 velle,
831 232 884 266 nili
902 231 1069 277 praehabita
1079 231 1186 266 iustitia
1196 256 1205 269 ,
1219 243 1277 266 nec
1284 231 1407 277 diligere
1420 234 1522 266 Deum
1541 233 1632 268 chare
1642 234 1820 280 nifipraeha·
1847 247 1879 281 Α

319 282 382 315 bita
391 282 545 316 charitate.
574 283 764 325 Quicunque
774 291 847 324 ergo
856 290 935 312 caret
944 280 1062 318 iustitia,
1077 278 1221 311 charitate
1230 301 1239 315 ,
1248 278 1383 323 &gratia
1392 303 1401 317 ,
1415 290 1480 312 non
1495 280 1591 324 potest
1600 280 1674 314 exse
1683 283 1757 316 iuste
1772 284 1822 317 vel

320 330 410 362 chare
421 340 472 362 aut
480 329 563 372 grate
574 328 650 360 velle
659 338 714 360 nec
722 327 828 365 facere,
838 336 892 358 nec
902 325 979 358 hanc
989 324 1086 369 potest
1096 334 1133 356 ex
1142 324 1170 356 se
1179 322 1374 358 haberesieut
1382 326 1583 369 praecedentia
1590 326 1762 362 docuerunt
1771 330 1821 368 3&

320 377 420 420 potest
427 375 559 420 probari3
571 375 640 418 quia
650 373 669 405 fi
682 371 855 418 polI‘et,hoc
863 371 934 405 effer
941 372 1025 415 graie
1035 369 1244 410 merendo,seu
1252 371 1387 405 volendo
1399 396 1407 409 ,
1416 371 1465 405 vel
1473 382 1536 404 non
1546 371 1585 403 fic
1598 371 1755 414 faeiendo;
1770 375 1821 408 sed

321 432 384 453 non
393 424 477 465 grate
487 418 694 458 merendo,seu
703 417 852 458 volendo,
863 420 934 462 quia
942 418 1003 450 hoc
1011 427 1077 449 non
1086 417 1185 460 potest
1193 415 1249 448 nisi
1255 416 1420 461 praehabita
1428 419 1520 461 gratia
1533 429 1587 461 per
1595 422 1767 463 proximam
1775 432 1822 455 ra.

322 468 436 500 tionem
449 478 523 506 ;nec
531 478 595 499 non
605 466 690 510 grate
699 464 814 511 aliquid
831 463 968 497 faciendo
979 474 988 497 5
1018 464 1096 496 Non
1112 463 1194 495 enim
1210 465 1352 506 congruit
1369 465 1478 497 rationi
1487 463 1588 506 ‚quod
1597 468 1690 509 gratia
1698 466 1821 500 demi-in

152 510 174 522 J.
182 506 272 534 nvilui.
322 514 483 556 praemium
495 514 525 548 ὅ(
545 511 717 545 mercedem
728 513 756 544 ei
767 511 833 555 ,qui
847 509 923 543 nihil
930 519 1048 554 gratum
1058 507 1148 541 fuerit
1154 518 1307 553 operatus.
1334 510 1345 551 (
1356 509 1440 543 Nam
1457 508 1619 543 secundum
1635 512 1822 555 Apostolum

240 568 245 573 ·
327 569 338 590 1
349 583 356 591 .
367 559 404 591 ad
413 560 490 592 Cor.
507 569 534 600 3.
564 555 781 602 Vnusquisque
796 557 950 600 propriam
960 553 1132 588 mercedem
1140 555 1247 598 accipit
1255 554 1421 588 secundum
1429 554 1514 589 suum
1521 553 1682 600 laborem)
1707 567 1764 591 nec
1771 570 1821 591 ca-

323 616 392 637 rens
401 616 435 638 ea
446 606 541 649 potest
549 615 617 638 eam
631 605 764 645 recipere
773 602 790 634 a
800 602 859 635 sola
866 602 923 635 alia
931 611 1073 634 creatura.
1099 600 1214 633 Nullus
1231 601 1311 633 enim
1321 603 1419 645 potest
1433 603 1558 645 gignere
1573 613 1624 635 aut
1633 602 1729 637 facere
1740 603 1822 637 filios

321 652 383 684 Dei
392 676 400 688 ,
414 652 446 685 ὅ(
453 650 634 683 constituere
642 648 773 682 haercdes
783 649 867 693 regni
880 646 1019 685 castellis,
1035 645 1089 678 nisi
1097 647 1182 680 Deus
1191 646 1281 680 Pater
1289 671 1299 685 ,
1307 651 1338 682 δι
1346 647 1506 680 Dominus
1513 646 1602 680 huius
1609 651 1704 694 tegni.
1720 651 1824 685 Restat

323 699 332 729 i
357 699 413 729 itur
422 708 454 730 vr
463 698 557 741 gratia
564 695 727 729 secundum
744 706 857 728 nomen
868 695 953 726 suum
961 717 971 732 ,
980 692 1040 725 fine
1048 691 1114 726 vllis
1123 693 1235 725 meritis
1242 694 1363 735 ptaeuijs
1373 695 1466 738 gratis
1475 693 1564 727 detur
1572 697 1697 739 ingratis
1704 721 1713 734 ,
1723 696 1739 729 a
1749 697 1821 729 Deo

139 752 301 786 Usus'elmm.
324 709 431 776 <liuore
441 742 646 775 liberalissimo
663 742 835 785 gratiarum.
858 740 896 773 Et
912 749 1038 783 propter
1052 736 1132 772 hanc
1147 740 1299 772 rationem
1315 739 1474 773 Aulelmus
1483 739 1522 772 de
1532 740 1708 775 Concordia
1719 765 1728 779 ,
1750 753 1824 775 ean—

324 789 395 820 dem
403 788 578 821 sententiam
588 786 767 833 profitetu'r3
781 786 833 819 vbi
842 787 1006 831 postquam
1015 784 1287 827 ostenditcapitulo
1295 786 1408 818 ostauo
1419 799 1430 824 ς
1440 784 1523 830 quod
1532 788 1612 820 reete
1621 787 1697 820 velle
1705 787 1746 820 est
1753 787 1820 822 finis
1854 799 1879 832 B

323 835 479 868 rationalis
488 845 640 870 creaturae,
651 838 682 864 8(
691 832 778 876 quod
793 832 903 865 iustitia
916 832 956 864 est
966 829 1118 862 rectitudo
1129 830 1290 863 voluntatis
1306 841 1429 875 propter
1438 833 1466 863 se
1472 829 1586 865 seruata
1597 836 1757 878 ‚quoniam
1765 836 1821 879 qui

323 880 422 914 solum
433 890 557 924 propter
563 879 644 913 aliud
652 879 736 911 illam
746 878 842 912 seruat
850 902 860 917 ,
869 888 933 910 non
941 877 1023 909 illam
1033 876 1147 920 diligit,
1163 876 1216 910 sed
1222 875 1294 909 illud
1303 887 1424 921 propter
1431 876 1514 921 quod
1521 888 1589 910 eam
1600 879 1737 919 seman&
1750 880 1822 913 ideo

325 938 387 960 non
397 927 437 959 est
447 925 593 959 dicendus
600 927 703 962 iustus,
713 937 768 958 nec
778 924 844 957 talis
851 923 1000 957 rectitudo
1010 922 1197 958 nominanda
1204 922 1245 954 est
1252 923 1358 955 iustitia
1369 947 1377 959 .
1387 933 1474 956 nono
1483 924 1616 968 capitulo
1623 923 1662 957 sic
1669 925 1822 969 adiungit;

325 972 465 1005 Dubium
486 983 549 1005 non
565 972 624 1011 est,
637 973 708 1016 quia
724 971 863 1004 voluntas
881 980 946 1002 non
961 969 1025 1002 vult
1040 968 1119 1001 reae
1137 967 1191 1001 nili
1205 970 1277 1012 qnia
1292 970 1371 1001 reela
1382 970 1422 1001 est
1440 978 1450 998 τ
1484 969 1569 1001 Sicut
1592 980 1725 1014 namque
1741 975 1821 1005 viius

328 1031 393 1050 non
405 1021 444 1051 cst
459 1029 580 1057 acutuS,
595 1019 668 1063 qnia
679 1015 762 1049 videt
777 1017 874 1051 acute,
887 1015 935 1048 sed
943 1016 1056 1048 idcirco
1071 1013 1154 1047 videt
1170 1015 1256 1048 acute
1268 1023 1340 1059 quia
1347 1014 1388 1046 est
1396 1024 1498 1046 acutus
1515 1029 1526 1054 ς
1544 1014 1589 1048 Ita
1600 1016 1743 1050 voluntas
1758 1029 1822 1050 non

325 1066 366 1097 est
375 1066 463 1100 resta,
473 1064 544 1108 quia
551 1065 631 1097 recte
642 1062 707 1095 vult
718 1086 727 1100 ‚
744 1062 791 1096 led
798 1062 877 1095 reste
885 1061 951 1093 vult
961 1061 1108 1105 quoniam
1117 1061 1196 1093 reeta
1205 1060 1263 1097 est;
1285 1058 1368 1093 crim
1383 1069 1485 1092 autem
1495 1060 1560 1094 vult
1573 1060 1653 1095 hanc
1668 1063 1823 1097 rectitudi-

325 1121 410 1146 nem,
421 1108 623 1153 proculdubio
631 1109 710 1142 reste
719 1108 793 1141 vult.
823 1108 902 1140 Non
920 1117 994 1152 ergo
1005 1106 1070 1140 vult
1082 1104 1293 1139 rectitudinem
1308 1103 1361 1138 ni'fi
1377 1107 1444 1149 quia
1451 1108 1529 1140 resta
1537 1108 1595 1146 οὒς
1620 1107 1705 1142 Idem
1719 1119 1822 1141 autem

324 1158 365 1189 est
376 1157 528 1188 voluntati
538 1158 650 1189 restam
659 1153 715 1188 effe
724 1155 755 1189 ὃ(
764 1154 975 1187 rectitudinem
984 1151 1095 1185 habere
1105 1166 1116 1191 ;
1139 1151 1241 1197 palam
1255 1153 1345 1197 igitur
1358 1152 1398 1184 est
1407 1176 1416 1191 ‚
1432 1162 1502 1195 quia
1515 1164 1580 1186 non
1588 1154 1652 1186 vult
1664 1155 1819 1188 rectitudi-

325 1213 397 1235 nem
410 1227 419 1241 ‚
428 1201 481 1234 nisi
495 1204 565 1245 quia
574 1201 781 1234 testitudinem
792 1199 893 1233 habet.
915 1198 1004 1232 Idem
1015 1198 1054 1229 de
1062 1200 1203 1231 veritater
1213 1208 1243 1232 2.
1269 1197 1472 1231 Reaitudinis
1481 1200 1618 1243 acceptio
1627 1201 1708 1243 prius
1718 1202 1759 1234 est
1767 1213 1823 1235 na·

325 1249 394 1280 ture:
404 1252 496 1292 quem
507 1247 616 1280 habere
626 1257 677 1280 aut
686 1247 763 1279 velle
772 1246 851 1279 illam
858 1247 1017 1290 ‚quoniam
1026 1243 1107 1277 illam
1116 1242 1226 1276 habere
1233 1253 1286 1276 aut
1293 1243 1369 1276 velle
1379 1268 1387 1280 .
1401 1255 1465 1275 non
1475 1245 1515 1276 est
1523 1245 1610 1276 causa
1627 1248 1821 1289 acceptionis,

325 1293 376 1327 sed
386 1296 524 1338 acceptio
535 1293 605 1325 facit
613 1293 694 1325 illam
703 1292 780 1326 velle
788 1317 797 1331 ‚
806 1297 836 1323 δι
847 1290 969 1324 habere.
998 1291 1035 1323 Et
1045 1290 1118 1322 ficut
1126 1300 1210 1334 patet
1217 1301 1271 1334 per
1278 1288 1407 1322 eundem
1416 1290 1464 1322 De
1472 1291 1556 1323 causa
1567 1290 1689 1323 Diaboli
1701 1301 1750 1333 17.
1761 1293 1822 1326 De-

324 1342 420 1372 sertor
429 1340 565 1384 Angelus
575 1336 678 1371 amissj
688 1339 870 1374 iustitiz‘ifflon
879 1338 974 1382 porest
981 1347 1018 1370 ex
1027 1335 1055 1368 se
1065 1334 1175 1369 habere
1185 1335 1375 1369 voluntatem
1384 1335 1512 1374 iustitiae3
1522 1335 1592 1368 Iino
1601 1342 1632 1370 &
1642 1335 1715 1370 ficut
1723 1349 1818 1383 appa-

324 1398 368 1419 ret
376 1385 462 1430 supra
471 1385 601 1418 ciusdem
616 1395 662 1417 12.
673 1383 809 1429 Angelus
819 1381 977 1428 dispositus
987 1382 1026 1416 ad
1035 1381 1282 1421 volendum‚non
1292 1381 1394 1425 potuit
1403 1391 1439 1413 ex
1449 1383 1477 1413 se
1486 1380 1681 1415 habereluam
1691 1387 1820 1427 primam

323 1432 516 1465 voluntatem
529 1455 536 1468 ,
554 1442 652 1475 neque
669 1429 864 1463 beatitudinis
874 1439 924 1463 aut
939 1429 1054 1462 iustitiae
1062 1453 1071 1468 ,
1088 1427 1135 1461 sed
1152 1428 1346 1461 veluntatem
1366 1426 1525 1460 commodi
1534 1428 1714 1461 naturalem.
1740 1429 1822 1463 Huic

324 1479 356 1512 ὃ(
367 1477 516 1510 consonat
526 1477 643 1511 dictum
661 1478 725 1510 eius
741 1474 965 1509 Deconcordia
976 1475 1028 1508 vlt.
1042 1474 1174 1518 superius
1190 1475 1366 1507 recitatum
1384 1471 1565 1517 qui&supm
1574 1485 1606 1511 9.
1616 1474 1682 1519 post
1691 1474 1823 1520 superius

324 1525 450 1557 recitata
461 1547 471 1562 ‚
479 1523 609 1557 ostendit
619 1522 704 1567 quod
712 1521 810 1555 nullus
821 1522 915 1563 potest
926 1519 1136 1555 testitudinem
1146 1520 1230 1553 illam
1247 1521 1381 1563 recipere
1391 1518 1444 1552 nisi
1454 1520 1470 1550 ἐι
1479 1518 1567 1558 Deo;
1584 1519 1822 1554 Consideremus

324 1582 416 1608 nunc,
424 1570 637 1614 inquit,vtrum
645 1569 755 1612 aliquis
767 1566 844 1600 hanc
860 1566 1067 1601 rectitudinem
1077 1577 1142 1599 non
1151 1564 1265 1600 habens
1275 1589 1284 1604 ‚
1291 1566 1392 1609 aliquo
1400 1562 1497 1598 modo
1506 1576 1572 1598 earn
1582 1565 1599 1598 ἒι
1606 1565 1634 1599 se
1642 1565 1751 1601 habete
1759 1565 1824 1612 pos„

327 1614 362 1647 sit
374 1631 384 1655 3
393 1618 498 1660 vtique
506 1616 587 1647 illam
599 1616 616 1647 ἐι
626 1615 654 1646 sc
664 1613 777 1646 habere
786 1614 888 1657 nequit
898 1612 951 1646 nili
962 1623 1011 1646 aut
1020 1611 1156 1646 volendo
1167 1622 1234 1648 ,aut
1243 1623 1307 1646 non
1316 1609 1452 1644 volendo
1461 1624 1471 1649 ς
1480 1611 1615 1645 volendo
1624 1612 1746 1656 quidem
1755 1613 1825 1646 nul-

324 1660 370 1693 lus
384 1661 462 1694 valet
470 1671 539 1693 eam
551 1661 639 1704 perse
647 1659 778 1704 adipisci,
788 1670 857 1704 qula
866 1660 969 1704 nequit
977 1669 1045 1691 earn
1054 1658 1131 1691 velle
1142 1682 1150 1696 ,
1161 1658 1271 1692 scilicet
1279 1657 1358 1690 reste
1366 1681 1376 1697 ,
1392 1655 1445 1689 nisi
1455 1667 1521 1689 eam
1538 1656 1647 1691 habeat
1657 1672 1667 1697 3
1678 1659 1762 1703 quod
1769 1671 1823 1692 au·

326 1719 386 1740 tem
396 1706 536 1740 nolendo
546 1707 644 1740 valeat
653 1717 721 1740 eam
731 1704 840 1748 assequi
851 1716 936 1737 mens
946 1705 1054 1738 nullius
1072 1706 1200 1748 accipit:
1226 1703 1328 1737 Nullo
1335 1713 1408 1746 ergo
1418 1701 1517 1734 modo
1532 1704 1628 1746 potest
1639 1714 1703 1736 eam
1713 1703 1824 1739 habere

326 1765 364 1785 ex
372 1753 400 1786 se
418 1765 427 1787 ;
446 1752 494 1785 sed
504 1764 599 1796 neque
607 1752 645 1785 ab
660 1752 717 1785 alia
726 1761 872 1785 creatura:
899 1751 983 1784 Sicut
992 1761 1126 1796 namque
1135 1760 1269 1784 creatura
1283 1749 1388 1793 nequit
1402 1758 1567 1781 creaturum
1576 1748 1687 1783 saluare
1696 1774 1703 1786 ,
1711 1752 1749 1783 ita
1759 1763 1824 1784 non

325 1800 424 1844 potest
434 1799 475 1831 illi
486 1799 556 1832 dare
566 1810 618 1842 per
625 1797 712 1842 quod
719 1796 856 1831 saluetur.
873 1798 1012 1842 Sequitur
1020 1807 1094 1841 ergo
1102 1795 1190 1842 quod
1199 1796 1279 1829 nulla
1287 1804 1417 1827 creatura
1427 1793 1634 1827 rectitudinem
1645 1793 1761 1836 habeat,
1770 1795 1824 1830 nisi

326 1857 378 1888 per
388 1847 445 1878 Dei
455 1846 592 1888 gratiam.
624 1844 696 1877 Deo
705 1854 780 1887 ergo
789 1843 932 1886 largiente
945 1843 1117 1875 inuenimus
1126 1843 1254 1886 gratiam
1269 1842 1332 1874 eius
1340 1839 1376 1874 ad
1387 1838 1563 1873 saluandum
1578 1839 1737 1874 hominem
1753 1853 1822 1874 cum

327 1891 424 1923 libero
434 1891 556 1923 arbitrio
567 1890 757 1923 concordare
765 1904 775 1927 3
784 1890 823 1920 ita
832 1900 865 1923 vr
872 1890 965 1933 gratia
973 1886 1035 1920 sola
1045 1887 1138 1932 possit
1145 1887 1302 1920 hominem
1311 1886 1432 1924 saluare,
1441 1884 1513 1917 nihil
1524 1885 1689 1919 eiuslibero
1697 1886 1822 1921 arbitrio
1846 1902 1881 1936 D

324 1936 516 1981 agentc3sicut
524 1937 557 1968 fit
568 1938 597 1967 in
607 1934 772 1969 infantibus
781 1941 812 1967 sc
820 1936 851 1966 in
859 1933 1140 1978 intelligentibus‚vt
1147 1933 1208 1977 ipsa
1215 1932 1327 1976 semper
1337 1931 1457 1964 adiuuet
1465 1930 1559 1963 liberii
1569 1932 1727 1964 arbitrium
1736 1944 1820 1967 natu-

328 1985 401 2022 rale,
410 1981 492 2026 quod
503 1982 563 2014 fine
571 1981 618 2015 illa
626 1981 700 2013 nihil
712 1982 790 2014 valet
798 1980 836 2012 ad
847 1978 981 2019 ffilutem,
990 1979 1091 2012 dando
1101 1979 1251 2012 voluntati
1260 1976 1482 2013 rectitudinem,
1491 1988 1583 2021 quam
1592 1976 1682 2011 seruet
1690 1989 1742 2022 per
1749 1978 1824 2012 libe-

325 2040 393 2061 rum
404 2027 506 2061 arbitri
511 2039 574 2062 um.
599 2028 636 2060 Et
645 2028 783 2072 quamuis
790 2037 852 2059 non
862 2024 1005 2059 omnibus
1013 2024 1064 2059 det
1072 2048 1082 2062 ,
1092 2026 1242 2070 quoniam
1258 2024 1305 2056 eui
1313 2023 1376 2057 vult
1383 2021 1540 2055 miseretur
1549 2047 1559 2062 ‚
1568 2022 1598 2057 ἃ
1606 2035 1696 2067 quem
1704 2024 1770 2057 vult
1778 2027 1823 2057 jn-

327 2074 427 2112 ἀυτεῖς
455 2074 540 2105 Nulli
551 2084 651 2107 tamen
662 2073 713 2104 dat
721 2084 779 2117 pro
790 2071 968 2116 praecedenti
983 2071 1089 2116 aliquo
1098 2071 1207 2103 mei-ito
1217 2093 1226 2109 ‚
1237 2070 1396 2113 quoniam,
1406 2069 1471 2112 quis
1482 2070 1564 2111 prior
1572 2068 1653 2102 dedit
1664 2071 1732 2102 Deo
1742 2075 1772 2105 &
1780 2082 1824 2103 re.

326 2119 518 2153 tribueturei÷
543 2121 574 2152 Si
583 2129 683 2151 autem
694 2118 835 2150 voluntas
845 2116 1034 2161 perliberum
1049 2116 1205 2149 arbitrium
1215 2141 1224 2153 ‚
1239 2113 1387 2148 seruando
1397 2113 1483 2158 quod
1493 2117 1607 2158 accepit
1616 2138 1626 2152 ,
1637 2126 1824 2150 mereturaut

327 2176 526 2209 augmentum
536 2175 667 2209 aceeptae
677 2165 799 2203 iustitiae,
808 2174 859 2196 aut
869 2164 1044 2207 potestatem
1056 2173 1111 2206 pro
1119 2161 1202 2194 bona
1209 2160 1366 2193 voluntate
1378 2183 1386 2196 ‚
1394 2171 1445 2193 aut
1453 2162 1609 2203 praemium
1619 2161 1824 2204 aliquod‚haec

328 2213 432 2244 omnia
444 2213 558 2244 fructus
567 2212 632 2243 sunt
640 2212 744 2254 primae
752 2210 868 2253 gratiae3
877 2209 909 2243 ὃ(
917 2211 1011 2253 gratia
1021 2219 1078 2252 pro
1089 2209 1196 2251 gratia,
1204 2207 1235 2241 ὅ(
1243 2206 1315 2238 ideo
1323 2217 1425 2239 torum
1439 2206 1652 2250 imputandum
1663 2205 1823 2251 est'gratiae,

327 2268 400 2302 qum
414 2268 514 2300 neque
523 2256 655 2288 volentis
667 2257 707 2288 est
721 2255 806 2297 quod
817 2255 899 2291 vult.
918 2264 1017 2300 neque
1035 2255 1175 2287 currentis
1191 2253 1231 2285 est
1244 2252 1330 2297 quod
1342 2253 1451 2288 currit,
1467 2251 1514 2285 sed
1526 2254 1689 2285 miserentis
1709 2254 1822 2287 cstDei.

329 2304 450 2335 Nonne
460 2304 491 2336 ὅ(
501 2302 561 2334 hoc
571 2302 611 2334 est
623 2301 709 2345 quod
721 2301 793 2334 dicit
802 2300 955 2343 Propheta
964 2325 973 2339 ,
991 2299 1062 2332 Scio
1072 2324 1081 2338 ‚
1097 2300 1236 2344 inquiens
1246 2322 1254 2336 ‚
1271 2298 1406 2330 Domine
1414 2299 1497 2341 quod
1513 2308 1574 2330 non
1590 2299 1631 2331 est
1641 2298 1761 2331 homins
1775 2302 1823 2333 via

147 2362 261 2389 Imma.
328 2353 392 2381 eius
403 2373 412 2387 ,
427 2360 482 2380 nec
492 2349 547 2379 viri
558 2349 598 2380 est
614 2359 646 2380 vt
661 2346 795 2379 ambulet
809 2352 840 2379 δε
860 2346 968 2389 dirigat
984 2343 1093 2388 gressus
1109 2346 1185 2377 suos.
1220 2345 1328 2377 Ierem.
1342 2357 1367 2377 ι.
1400 2344 1497 2375 Cuius
1512 2344 1551 2375 est
1567 2354 1640 2387 ergo
1653 2367 1660 2379 ,
1678 2343 1731 2376 nisi
1744 2345 1820 2379 illius

329 2394 367 2426 dc
379 2405 440 2436 quo
451 2394 523 2426 alius
540 2391 696 2436 Propheta
704 2391 742 2425 sic
754 2393 794 2425 ait
809 2416 817 2428 ‚
842 2391 935 2435 Apud
945 2391 1112 2423 Dominum
1127 2390 1241 2434 grcssus
1255 2387 1387 2421 hominis
1396 2387 1539 2432 dirigetur
1548 2414 1555 2424 .
1570 2392 1599 2422 ἂ
1609 2390 1686 2422 viam
1696 2401 1759 2423 eius
1769 2403 1824 2425 vo.

144 2451 254 2486 pffiL36,
328 2441 388 2476 let,
402 2438 522 2470 Psalmo
531 2437 685 2480 trigesimo
692 2435 792 2471 (ἕκτος
812 2436 884 2469 Imo
899 2437 968 2469 ficut
976 2436 1033 2468 alia
1048 2436 1130 2468 litera
1140 2435 1247 2467 clarior
1256 2458 1266 2472 ‚
1291 2435 1319 2465 A
1330 2436 1470 2467 Domino
1487 2435 1597 2478 gressus
1606 2434 1740 2468 hominis
1750 2436 1821 2470 diri-

330 2484 561 2529 genturprimo,
571 2484 602 2517 ἃ
611 2485 676 2526 post
686 2482 883 2516 directionem
892 2483 950 2514 iam
960 2480 1071 2514 factam
1083 2504 1090 2517 ,
1107 2483 1186 2513 viam
1197 2482 1257 2513 cius
1269 2480 1370 2512 scilicet
1381 2480 1510 2512 Domini
1520 2479 1601 2512 volet
1614 2479 1822 2516 homosccun.

143 2535 306 2574 Augustinus.
330 2531 384 2564 do.
402 2530 473 2563 Hoc
482 2531 561 2562 enim
573 2530 654 2571 Aug.
667 2539 824 2572 exponens
834 2526 872 2559 fic
879 2528 920 2560 ait
931 2551 939 2563 ‚
952 2526 1015 2570 Ipse
1025 2525 1124 2559 homo
1134 2538 1165 2559 vt
1177 2527 1249 2558 velit
1261 2528 1339 2558 viam
1354 2526 1483 2558 Domini
1491 2550 1500 2565 ,
1513 2524 1551 2556 ab
1560 2524 1624 2570 ipso
1640 2525 1782 2560 Domino
1790 2539 1820 2560 e-

185 2568 195 2575 *
330 2580 374 2609 ius
385 2576 493 2620 gressus
504 2575 686 2618 dirigentur:
714 2574 800 2606 Nam
811 2573 830 2604 fi
841 2574 995 2605 Dominus
1008 2583 1070 2605 non
1082 2572 1338 2616 dirigeretgreslus
1348 2569 1483 2604 hominis
1497 2595 1508 2610 ,
1523 2582 1583 2605 tam
1591 2573 1674 2614 praui
1691 2584 1774 2606 erant
1787 2585 1819 2608 vt

330 2623 448 2665 semper
464 2632 515 2664 per
524 2632 612 2662 praua
622 2622 716 2656 irent,
734 2618 892 2653 &semitas
906 2629 1010 2651 curuas
1021 2616 1174 2662 stquendo
1188 2618 1281 2650 redire
1297 2627 1357 2649 non
1375 2619 1506 2659 possenr.
1548 2616 1613 2660 Ipse
1628 2617 1668 2648 est
1682 2629 1757 2662 ergo
1770 2621 1819 2662 qui

330 2668 439 2700 direxit
448 2664 559 2710 gressus
569 2667 685 2698 nostros
696 2676 745 2705 ‚vt
754 2667 833 2698 viam
844 2666 907 2697 eius
915 2664 1069 2697 vellemus.
1096 2664 1163 2703 Qui
1174 2664 1204 2697 ὅ(
1215 2661 1281 2695 ι.αά
1290 2662 1516 2705 Simplicianum
1529 2672 1579 2704 24.
1590 2664 1642 2701 εἰη
1672 2665 1723 2695 Ad
1739 2663 1819 2697 fran-

331 2714 460 2757 gendam
478 2722 567 2755 atque
581 2709 777 2751 deiiciendam
794 2708 962 2753 superbiam
980 2709 1142 2742 hominurn
1158 2710 1347 2751 ingratorum
1362 2708 1464 2751 graiiae
1480 2708 1537 2740 Dei
1554 2732 1563 2746 ,
1591 2708 1621 2743 ὅ(
1633 2707 1818 2742 audientium

330 2760 452 2803 gloriari
462 2759 497 2790 de
508 2758 617 2790 meritis
626 2757 746 2794 suis,ista
754 2765 1047 2788 commemorantur:
1059 2754 1141 2787 Cum
1151 2756 1232 2786 enim
1240 2752 1381 2787 non'dum
1388 2755 1449 2787 nati
1459 2751 1690 2797 fuiffent‚neque
1697 2754 1818 2798 aliquod

329 2807 453 2848 egissent
463 2804 575 2836 bonum
584 2813 634 2835 :tut
644 2802 833 2840 malum,non
843 2812 879 2832 ex
888 2800 1028 2844 operibus
1039 2799 1085 2833 sed
1093 2811 1131 2833 ex
1142 2809 1270 2833 vocante
1278 2797 1391 2831 distum
1399 2799 1451 2838 esl,
1487 2800 1533 2830 uia
1542 2801 1640 2831 maior
1647 2800 1752 2832 seruiet
1761 2801 1801 2832 mi
1808 2819 1818 2825 -

329 2853 407 2884 nori.
435 2848 580 2884 Vocantis
589 2849 629 2881 est
639 2859 713 2894 ergo
721 2848 824 2893 gratia5
834 2847 1024 2891 percipientis
1034 2846 1107 2881 vero
1115 2847 1243 2890 gratiam
1252 2841 1464 2889 consequenter
1476 2847 1540 2877 sunt
1547 2854 1639 2890 opera
1649 2843 1739 2884 bona,
1753 2855 1816 2877 non

1751 2902 1816 2934 quae
