1985 3130
515 691 592 724 AD
651 691 808 725 SVOS
859 692 1357 740 MERTONENSES,

658 763 944 794 EPISTOLA
994 766 1172 797 PRIOR.

372 873 383 890 i
427 877 431 890 ,
472 872 504 911 ,ᾗ
557 843 696 893 llec‘tis
711 844 939 894 Fratribus
953 851 1000 897 ἃ
1013 850 1384 909 amicis,Cussodi
1395 874 1443 903 ac
1455 856 1677 908 Scholari‘

555 915 635 963 bus
648 915 781 964 Aulae
794 914 846 963 de
859 916 1052 966 blerton
1066 919 1107 967 in
1125 920 1273 971 Oxon
1288 926 1475 991 Spiritus
1489 928 1675 978 Sanetus

417 1012 427 1024 x
502 992 520 1045 2,
551 988 739 1055 gratiam
758 985 1035 1054 septiformen
1069 991 1328 1059 Aliquotres
1341 994 1535 1046 accidiffe
1549 1017 1677 1048 com-

472 1112 488 1124 χ
515 1112 518 1117 ἱ
552 1057 670 1125 peri,
684 1058 785 1105 vtin
804 1077 952 1106 rerum
967 1057 1215 1109 difficilium
1231 1066 1505 1127 tractatione,
1519 1072 1672 1118 autin»

488 1136 508 1163 ἰ
552 1128 749 1195 sipientia
765 1129 962 1177 relatoris
976 1129 1227 1180 auditorem
1248 1152 1574 1204 corrumperet,
1597 1157 1673 1188 aut

553 1199 769 1247 temeritas
792 1198 1005 1248 auditoris
1024 1201 1256 1251 relatorem
1274 1205 1519 1258 infamaret.
1535 1209 1671 1276 Qa‘

172 1284 357 1339 propter
370 1267 494 1337 aequex
507 1266 709 1317 cauendi]
724 1268 834 1317 milii
847 1269 1088 1329 videtur,vt
1102 1272 1375 1338 potissimum
1387 1276 1567 1335 illim-bi
1582 1284 1668 1330 fine

170 1338 371 1409 periculo
396 1336 516 1387 aliud
529 1336 673 1387 sentiri
701 1359 791 1387 non
808 1342 966 1408 potest,
996 1360 1075 1390 nec
1086 1342 1208 1391 facile
1232 1346 1546 1412 praesumamus
1562 1352 1669 1399 alle„

169 1429 379 1469 rere,nec
398 1410 539 1458 aliena
558 1410 724 1458 temere
751 1409 1005 1480 dijudicare.
1039 1411 1173 1462 Noui
1194 1433 1278 1482 ego
1289 1434 1482 1485 quanta,
1498 1438 1547 1467 vt
1562 1420 1666 1470 dicit

170 1480 544 1549 B.Aug.somnia
559 1480 900 1529 corhumanum
916 1481 1052 1549 pariat
1066 1529 1077 1549 ‚
1108 1500 1238 1552 atque
1253 1504 1307 1534 eo
1328 1486 1492 1536 iudicio
1513 1493 1664 1558 quoin

167 1550 230 1600 sui
246 1551 500 1620 cognitione
517 1549 696 1611 fallitur,
710 1568 863 1601 caetera
876 1569 1058 1621 quoque
1073 1569 1169 1623 quae
1177 1573 1362 1623 propter
1374 1558 1516 1625 ipsum
1540 1560 1639 1609 sunt
1649 1602 1662 1621 ‚

166 1641 260 1670 non
274 1622 391 1671 reete*
401 1620 654 1690 suspicatur.
711 1621 843 1688 Qd
855 1624 974 1672 enirn
989 1627 1076 1672 hoc
1090 1622 1168 1673 esse
1183 1628 1346 1692 putatis
1357 1668 1371 1685 ,
1383 1630 1506 1696 quod
1522 1630 1575 1679 de
1592 1652 1662 1680 re-

165 1711 267 1741 rum
279 1693 462 1742 veritate
483 1709 573 1741 tam
585 1691 751 1742 diuersa
764 1692 917 1741 sentire
931 1692 1068 1742 solent
1081 1695 1301 1744 homines<
1322 1696 1522 1767 Nunqui
1529 1699 1554 1747 d
1569 1721 1660 1751 non

163 1764 322 1812 vnaest
336 1762 511 1814 veritas?
521 1762 704 1830 Ecce‚vt
716 1763 890 1812 interim
906 1762 958 1812 de
971 1763 1076 1812 Deo
1091 1782 1330 1826 taceamus,
1343 1768 1450 1835 quid
1463 1771 1521 1817 est
1533 1771 1658 1839 quod

163 1832 389 1884 dialectica
407 1850 472 1882 tot
485 1831 688 1893 diuersas,
701 1838 749 1884 ὅ(
762 1850 851 1882 tam
865 1832 1065 1882 aduersas
1078 1875 1089 1893 ‚
1103 1855 1155 1885 ne
1167 1834 1311 1885 dicam
1336 1839 1555 1905 peruersas
1577 1841 1657 1889 baa

160 1904 236 1954 bet
254 1903 493 1954 sententias,
555 1902 792 1972 Numquid
806 1922 896 1951 non
912 1922 1068 1951 omnes
1084 1924 1462 1956 noueruntvnum
1476 1909 1519 1957 id
1530 1910 1653 1978 quod

160 1975 237 2033 est,
253 1980 301 2026 ὃς
313 1992 461 2023 amore
475 1973 653 2022 fallendi
666 1973 836 2022 diuersa
856 1973 1102 2022 finxerunt?
1127 1975 1247 2025 Non
1267 1980 1322 2025 sic
1334 1997 1420 2043 ego
1434 1997 1562 2044 puto,
1585 1981 1653 2028 led

161 2060 340 2093 narrant
357 2044 523 2113 quique
537 2042 704 2091 somnia
716 2043 812 2102 sua,
824 2049 872 2094 ὅ(
885 2063 934 2093 ea
954 2062 1042 2113 qua
1055 2045 1250 2111 primum
1276 2048 1348 2114 ipsi
1362 2049 1403 2094 in
1425 2048 1462 2096 se
1475 2050 1653 2116 opinio..

159 2134 214 2164 ne
229 2114 398 2183 decepti
408 2113 521 2173 sunt,
532 2112 823 2182 postmodum
838 2114 943 2162 alios
959 2113 1193 2163 nescientes
1204 2114 1433 2168 seducunt.
1474 2119 1650 2169 Etlicnt

158 2183 211 2234 Β.
228 2183 310 2234 lob
332 2185 482 2234 amicis
504 2183 588 2232 suis
611 2183 945 2252 arrogantibus,
963 2189 1012 2235 ὅ(
1027 2183 1081 2232 de
1108 2184 1147 2234 se
1161 2183 1390 2254 plusquam
1414 2189 1649 2254 oportebat

155 2253 518 2322 praesumentibus
531 2252 810 2312 dicit,omnes
824 2255 911 2302 iam
927 2273 1018 2302 non
1031 2255 1169 2303 {olum
1190 2255 1337 2304 seeum
1361 2259 1639 2319 morituram,

154 2323 226 2373 sed
238 2342 441 2374 exortam
460 2341 598 2393 quoq,¹
612 2322 682 2372 ase
694 2325 948 2389 sapientiam
963 2342 1137 2391 putant.
1181 2326 1391 2394 Dignum
1403 2347 1508 2394 ergo
1525 2330 1581 2377 est
1599 2348 1645 2378 vt

154 2393 199 2443 id
215 2394 356 2463 ipsum
373 2396 416 2443 in
432 2395 580 2442 nostra
594 2413 674 2442 nos
684 2391 911 2444 assertione
923 2396 1115 2444 veritatis
1130 2436 1143 2454 ‚
1157 2413 1220 2443 tot
1233 2398 1319 2444 iam
1344 2398 1544 2446 videmus
1562 2397 1641 2449 effe

153 2463 362 2516 diuersos,
392 2465 519 2528 Qia
533 2464 651 2512 enim
663 2463 716 2512 de
734 2464 869 2531 longe
885 2466 1039 2513 veiitas
1055 2465 1247 2524 videtur,
1261 2466 1419 2516 iudicia
1436 2468 1568 2535 parit,
1590 2474 1639 2519 ὅς

151 2550 326 2586 tantum
341 2534 394 2584 de
409 2535 646 2603 ipsapotest
659 2533 797 2602 quisq5
813 2552 1032 2602 quantum
1049 2534 1133 2602 ipse
1149 2537 1225 2584 est.
1259 2539 1306 2584 ln
1322 2536 1450 2585 nobis
1473 2539 1637 2605 quippe

148 2605 273 2673 quod
285 2604 458 2654 dierum
472 2605 726 2673 cognitione
738 2606 1075 2672 percipimus‚e0
1086 2603 1225 2653 modo
1239 2607 1381 2655 cordis
1393 2607 1636 2656 intellectus

146 2674 200 2725 de
211 2675 293 2744 hijs
304 2692 402 2744 quae
413 2692 536 2725 extra
550 2673 645 2724 sunt
664 2675 715 2722 ad
734 2675 961 2724 veritatem
986 2675 1171 2734 iudicat,
1185 2675 1517 2743 quoseinterius
1540 2679 1634 2724 am:

145 2765 247 2794 mus
258 2746 303 2794 in
316 2745 691 2813 repraesentatione
708 2745 884 2813 figurat.
899 2743 1039 2795 Vnde
1054 2743 1215 2795 necesse
1230 2747 1307 2804 est,
1321 2764 1367 2795 vt
1383 2746 1490 2794 dum
1508 2766 1630 2795 mens

143 2815 327 2865 interius
340 2817 478 2883 praue
490 2814 701 2873 afficitur,
721 2814 965 2864 intellectus
978 2833 1114 2884 quoq³
1129 2816 1171 2862 in
1184 2816 1349 2864 iudicio
1365 2835 1518 2865 eorum
1532 2834 1628 2884 quae

141 2884 245 2935 foris
256 2885 355 2936 sunt
367 2885 623 2955 decipiatur.
640 2884 749 2934 Haec
761 2884 847 2953 ipsa
857 2887 915 2934 est
933 2885 1056 2935 causa
1067 2905 1163 2955 quae
1177 2886 1309 2934 etiam
1324 2885 1564 2954 aliquando
1581 2888 1626 2934 in

1478 2973 1626 3004 vnita-
