1985 3130
175 155 204 194 6
212 165 228 204 ς
237 162 271 209 4
773 136 940 186 ‘Thomae
955 133 1244 185 Bradwardini
1675 134 1718 184 L
1731 153 1744 184 1
1757 151 1828 184 B.2

288 237 449 280 disputem.
471 236 516 273 Si,
531 244 667 277 inquam,
685 243 767 276 pater
777 231 873 275 potest
883 231 1034 262 remittere
1050 228 1113 262 filio
1130 227 1348 271 obligationem
1357 229 1526 262 naturalem
1536 240 1597 272 qua
1607 230 1632 263 ei
1643 240 1778 265 tenerum
1799 238 1829 271 Α

288 284 419 315 remittat
432 281 480 319 3&
492 291 562 312 tunc
573 290 623 322 per
633 289 715 311 tuam
725 278 875 321 ingratam
885 273 1112 318 hyporhelin‚in
1121 284 1391 319 quantamcunque
1399 274 1599 307 calamitatem
1610 278 1775 320 paterinci-

289 328 378 363 derit,
396 336 662 370 quantumcunque
679 322 756 356 filius
774 321 898 355 sitdiues
909 322 1072 364 otpertus,
1090 322 1120 353 in
1140 320 1224 353 nullo
1234 321 1348 362 penitus
1356 321 1520 358 eitenetur,
1534 320 1582 352 vel
1601 321 1700 354 iaitetn
1709 333 1774 355 non

292 375 357 416 plus
368 384 442 416 patri
453 374 546 416 quam
558 380 702 402 extraneo
712 383 722 407 3
733 370 796 401 imo
804 377 1013 411 quemcunque
1022 376 1210 401 exrraneurm
1227 367 1243 397 a
1252 376 1314 409 quo
1322 367 1482 397 minimum
1500 365 1679 400 beneficium
1694 379 1775 400 non-

291 418 364 450 dum
373 426 597 450 remuneratum
607 425 763 457 receperit,
773 423 874 458 potius
885 422 1035 445 teneretur
1049 411 1174 444 liberare
1184 412 1199 442 a
1210 421 1310 442 morte
1319 412 1410 453 quam
1422 421 1537 455 patrem
1547 413 1699 455 proprium
1707 424 1776 445 mo-

290 475 417 496 riturum
430 477 435 494 e
447 462 527 506 quod
537 463 616 505 quis,
626 461 677 492 nisi
686 459 905 503 ingratissimus
915 457 993 490 filius
1001 457 1047 490 vel
1057 458 1146 500 gratis
1154 455 1267 495 audiet,
1283 457 1330 489 vel
1340 458 1427 488 etiam
1437 455 1579 500 cogitabit
1596 463 1605 486 ὲ
1624 457 1667 491 Vt
1675 468 1776 491 autem

291 509 330 540 ad
340 509 544 551 obligationes
557 509 688 539 minores
699 503 888 542 descendam,
903 509 933 536 δε
950 502 1072 536 tandem
1082 501 1119 534 ab
1129 503 1169 534 eis
1180 501 1217 534 ad
1228 503 1354 534 maiores
1366 501 1522 535 ascendam
1538 514 1547 535 ε
1563 502 1679 536 videtur
1688 503 1777 548 quod

290 554 371 588 nulla
381 554 529 597 obligatio
539 550 761 596 quantumlibet
772 551 899 595 parvula
913 551 988 581 inter
996 548 1218 581 benefactorem
1232 547 1263 581 ὃ(
1278 546 1487 580 beneficiatum
1499 549 1665 585 contrasta,
1686 552 1777 582 etiam

291 612 327 633 ex
340 599 488 632 beneficio
497 600 626 630 minimo
636 596 728 639 possit
744 596 815 640 ipsis
826 595 1015 628 manentibus
1024 593 1111 637 plene
1121 592 1207 630 solui,
1222 593 1261 626 ita
1270 592 1353 638 quod
1364 592 1556 626 beneficiatus
1564 594 1680 628 ratione
1689 593 1777 627 bene-

292 645 353 680 ficii
363 643 766 688 praeiiccepiibcnefiistoriin
779 641 861 674 nullo
871 640 988 685 penitus
999 649 1131 672 tencatur
1149 651 1156 670 ι
1176 649 1239 671 non
1253 641 1334 671 enirn
1345 638 1554 681 plenariesolui
1565 640 1673 682 porest,
1688 639 1777 673 bene-

293 691 406 723 factore
414 702 507 723 omne
516 688 651 722 debitum
663 695 692 721 Sc
701 687 922 730 obligationem
932 685 1144 717 omnimodam
1155 684 1322 717 dimittente
1338 697 1345 718 3
1361 684 1399 716 sic
1406 686 1483 717 cnim
1494 684 1623 728 amplius
1633 683 1775 719 benefici-

295 747 349 768 ans
358 738 485 779 amplius
494 734 610 777 obligat
621 745 807 776 receptorem
817 744 826 766 ·‚
840 742 895 764 nec
905 730 1084 763 beneficiato
1094 729 1273 763 retribuente
1283 730 1395 774 aeqiialc
1405 730 1453 763 vel
1463 732 1558 762 maius
1570 733 1656 763 etiam
1665 735 1774 766 centies
1807 714 1832 747 B

295 779 444 819 millesies,
454 781 500 812 vel
509 780 639 821 amplius
648 788 931 823 quantumcunque.
960 776 1095 808 Ponatur
1103 778 1183 808 enim
1195 776 1356 807 secundum
1364 771 1603 819 suppositionem
1615 787 1775 820 ingratam,

295 825 506 859 beneficiatum
517 825 678 858 retribuisse
686 825 815 869 plenarie
824 821 1020 858 benefactori,
1035 828 1065 854 ὃ(
1084 820 1112 853 se
1122 822 1239 864 penitus
1248 819 1356 852 cxuisse
1366 820 1403 853 ab
1412 823 1495 853 omni
1504 822 1694 865 obligatione
1703 835 1776 856 con-

297 875 390 904 [rasta
398 871 659 908 rationebeneficij
671 871 844 914 praeaceepti
861 883 872 907 3
889 878 1020 912 tuncque
1039 866 1253 899 beneiafror&
1264 877 1419 899 extraneus
1433 866 1615 910 indigentes,
1634 868 1777 901 existente

296 919 326 950 in
343 919 454 951 caetcris
472 918 607 960 paritate,
624 927 785 948 occurrant
808 913 984 946 beneficiato
1010 917 1126 955 potenti
1141 914 1230 945 vnico
1245 911 1415 949 subuenire,
1435 913 1496 945 eius
1510 913 1652 946 auxilium
1670 914 1777 958 suppli-

112 969 233 996 Scnmz.
251 964 279 992 dc
298 965 369 995 citer
386 962 579 1006 deprecantes
595 976 606 1000 ς
623 963 651 997 ὃ(
669 972 747 1006 quis,
767 959 818 993 nili
836 961 981 1003 ingratus,
996 957 1062 990 imo
1078 957 1240 990 secundum
1256 956 1410 999 quendam
1430 968 1546 1001 gratum
1562 959 1777 1002 ingratissimus

112 1006 226 1044 bengiicyt
238 1016 262 1034 i·
297 1020 451 1046 omnium,
466 1007 575 1040 oblitus
594 1007 701 1040 scilicet
716 1005 852 1041 beneficii
865 1005 1047 1047 praeaccepti‚
1062 1004 1187 1046 ambigit
1202 1001 1426 1036 benefactorem
1442 1014 1584 1036 extraneo
1601 1015 1778 1048 praeponen-

298 1052 706 1086 dumrationebeneficenriae
716 1061 906 1095 praeacccptae
924 1056 933 1081 ἓ
955 1050 1031 1095 Qs
1046 1051 1138 1093 igitur
1152 1050 1228 1094 patri
1236 1048 1400 1082 suffcientcr
1407 1048 1547 1083 retribuet
1564 1057 1572 1080 ἓ
1589 1060 1638 1084 aut
1647 1051 1713 1095 quis
1723 1049 1777 1084 tibi

296 1098 478 1132 sufficienter
492 1098 647 1136 retribuet,
661 1097 777 1131 summe
786 1097 886 1130 Pater?

813 1237 1267 1267 COROLLARIVM·

587 1316 788 1372 Corollarium
796 1318 958 1372 multiplex
967 1321 1030 1366 est,
1049 1328 1092 1358 (5‘
1103 1317 1238 1357 omnibus
1245 1325 1351 1371 gratis
1355 1327 1494 1372 gratum.

402 1477 525 1505 riuatur,
541 1466 759 1510 obligationem
768 1466 903 1498 videlicet
920 1466 1109 1508 gratitudinis
1120 1464 1296 1502 naturalem,
1312 1475 1369 1508 qua
1387 1463 1577 1497 beneficiatus
1593 1463 1780 1498 benefiistori

403 1522 518 1545 ratione
527 1517 727 1555 euiutcunque
735 1510 873 1547 beneficii
892 1513 1066 1554 przeaccepti
1077 1513 1166 1543 etiam
1180 1511 1300 1542 minimi
1311 1520 1375 1542 non
1383 1511 1464 1554 posse
1472 1510 1557 1553 plene
1567 1509 1685 1544 diffolui
1700 1523 1709 1548 3
1724 1522 1780 1544 nec

295 1557 512 1591 beneficiatum
526 1557 608 1600 polse
619 1557 802 1590 benefactori
818 1556 979 1589 retribuere
987 1558 1025 1588 ad
1038 1556 1224 1599 condignum
1234 1553 1412 1588 sufficienter
1421 1553 1468 1588 seu
1477 1556 1576 1598 plene,
1592 1558 1633 1588 ita
1642 1556 1781 1589 videlicet

297 1604 384 1646 quod
395 1614 460 1636 tota
469 1602 618 1646 obligatio
628 1603 761 1636 totaliter
770 1604 970 1645 extinguatur,
989 1600 1054 1633 imo
1065 1601 1164 1634 fortan
1180 1611 1298 1646 quanto
1316 1600 1514 1634 beneficiatus
1521 1601 1722 1636 abundantius
1729 1602 1780 1634 be·

298 1650 443 1682 nefastori'
454 1649 602 1686 retribuit,
616 1659 700 1682 tanto
708 1650 733 1681 ei
745 1648 874 1691 amplius
884 1647 1051 1691 obligatur,
1069 1648 1099 1680 ὃ(
1108 1647 1235 1690 amplius
1254 1648 1281 1678 ei
1294 1645 1383 1679 debet
1401 1659 1409 1678 ε
1425 1647 1525 1679 multo
1534 1649 1628 1691 magis
1637 1659 1692 1681 nec
1700 1646 1781 1680 obli-

297 1706 453 1738 gationem
465 1694 655 1737 gratitudinis
664 1694 840 1730 naturalem,
856 1705 914 1736 qua
925 1696 1000 1736 patri
1014 1693 1091 1724 filius
1102 1692 1265 1736 obligatur,
1277 1689 1359 1735 posse
1373 1692 1462 1736 plene
1472 1692 1598 1731 dissolui,
1611 1704 1666 1725 nec
1681 1692 1778 1725 filium

295 1739 379 1784 posse
389 1742 464 1783 patri
477 1740 637 1772 retribuere
644 1740 680 1773 ad
691 1739 892 1782 condignum,
907 1740 955 1772 scd
966 1737 1095 1771 sortasSis
1105 1750 1169 1782 quo
1178 1737 1307 1782 amplius
1315 1738 1342 1770 ei
1350 1736 1494 1773 retribuit.
1512 1749 1597 1771 tanto
1607 1739 1631 1770 ci
1649 1739 1779 1781 amplius

297 1784 440 1828 obligari.
466 1788 568 1829 Qarc
577 1788 663 1828 supra
673 1785 801 1816 modum
813 1787 947 1827 magis&
963 1785 1122 1827 magisnec
1140 1784 1357 1826 obligationem
1366 1794 1505 1816 creaturae
1523 1784 1675 1816 rationalis
1690 1783 1779 1816 benc-

298 1830 404 1863 ficiatce
421 1832 534 1868 aDco,
548 1842 605 1875 qua
622 1833 646 1863 ei
658 1831 724 1874 lege
732 1830 924 1874 gratitudinis
934 1829 1086 1873 obligatur
1100 1827 1183 1872 poffe
1201 1828 1332 1868 dillolui,
1343 1839 1431 1861 eriam
1445 1839 1497 1871 per
1512 1829 1570 1861 Dei
1586 1831 1778 1873 omnipoten—
1793 1830 1826 1862 D

297 1878 370 1909 tiam
382 1876 542 1915 infinitam,
557 1888 613 1909 nec
622 1876 754 1920 aliquem
771 1876 855 1919 poss‘e
873 1877 941 1908 Deo
957 1886 1011 1917 pro
1027 1874 1127 1917 aliquo
1148 1873 1298 1907 beneficio
1312 1878 1402 1906 ctiam
1415 1875 1546 1907 minimo
1561 1873 1723 1907 retribuere
1738 1875 1778 1909 ad

299 1922 504 1964 condignum,
517 1924 556 1954 ira
565 1922 702 1955 videlicet
712 1921 866 1965 quodtota
875 1920 1021 1964 obligatio
1037 1921 1166 1953 totaliter
1174 1919 1363 1958 annulletur3
1379 1919 1444 1950 imo
1458 1919 1540 1962 quod
1557 1919 1676 1953 videtur
1689 1922 1778 1953 mira-

298 1966 490 2006 bdtssrmum,
509 1974 539 1999 &
551 1979 649 2000 tamen
659 1969 844 1999 verissimum
860 1977 949 2010 atque
964 1964 1176 2008 gratissimum,
1192 1974 1306 2007 quanto
1321 1966 1383 2007 quis
1400 1966 1532 2008 amplius
1540 1964 1778 1999 retribueritDo-

297 2014 397 2050 mino,
410 2013 579 2054 &amplius
589 2011 709 2045 soluerit
725 2012 915 2056 gratitudinis
934 2011 1080 2050 debitum,
1095 2021 1178 2044 tanto
1187 2011 1316 2054 amplius
1332 2011 1357 2042 ei
1373 2008 1461 2042 debet
1476 2010 1506 2044 ὅ(
1524 2011 1653 2054 amplius
1663 2010 1777 2054 obliga-

299 2069 356 2090 tur.
386 2059 419 2089 O
430 2057 606 2091 admirabile
616 2059 805 2101 gratitudinis
813 2057 979 2093 vinculum,
988 2063 1018 2090 ὅ(
1029 2067 1117 2100 gratae
1128 2055 1322 2099 obligationis
1332 2056 1475 2099 ligamen,
1489 2056 1573 2100 quod
1583 2067 1637 2088 nec
1644 2067 1778 2089 creatura

301 2114 357 2134 nec
369 2114 484 2135 creator
496 2105 606 2136 ioluere
617 2104 703 2147 plene
715 2103 810 2145 potest
828 2109 835 2138 ι
853 2106 916 2134 imo
925 2113 1041 2144 quanto
1052 2102 1139 2135 dator
1147 2100 1285 2138 beneficii
1298 2101 1345 2133 vel
1354 2112 1493 2144 acceptor
1501 2101 1574 2134 illud
1584 2102 1778 2145 multiplicius

301 2147 573 2190 sategeritsoluere,
588 2160 679 2181 omne
688 2148 822 2181 debitum
844 2150 874 2182 ὅ(
888 2147 1107 2191 obligationem
1124 2146 1339 2179 omnimodam
1354 2146 1551 2184 dimittendo,
1569 2145 1775 2180 retributiones

300 2189 546 2226 retributionibus
556 2194 757 2233 cumulando,
772 2204 858 2226 tanto
875 2192 1071 2236 multiplicius
1088 2192 1159 2227 illud
1170 2193 1293 2236 stringit,
1310 2191 1423 2225 firmius
1431 2192 1536 2229 efficit,
1552 2192 1778 2226 &insoltibilitis

301 2239 374 2270 illud
393 2241 496 2271 nestit.
524 2241 558 2272 O
583 2250 656 2282 ergo
673 2239 893 2282 ingratitudinis
912 2249 1019 2271 vitium
1036 2238 1290 2282 quamplurimum
1309 2238 1537 2277 detestandum,
1561 2238 1646 2282 quod
1664 2249 1722 2270 tam
1736 2239 1779 2270 in-

302 2281 427 2315 solubile
438 2284 621 2325 gratitudinis
635 2286 788 2317 Vinculum
798 2285 923 2318 soluere,
940 2283 1006 2316 imo
1017 2295 1154 2326 rumpete
1163 2285 1274 2322 nititur,
1290 2283 1320 2317 ὅ(
1338 2285 1455 2327 penitus
1466 2281 1617 2327 dissipare,
1632 2283 1780 2327 quodnec

304 2329 403 2371 aliqua
411 2341 554 2368 creatura,
569 2331 720 2362 necetiam
731 2332 814 2362 Deus
827 2332 929 2373 potest.
954 2330 1036 2369 Quis
1054 2340 1122 2360 etim
1139 2339 1219 2361 tanto
1230 2330 1301 2361 vitio
1310 2329 1403 2360 valeat
1413 2328 1577 2372 dispensare
1595 2335 1606 2361 ?
1621 2330 1713 2362 (erte
1723 2341 1778 2361 nec

304 2374 416 2411 homo,
435 2386 488 2407 nce
500 2376 646 2418 Angelus,
663 2386 717 2408 nec
726 2377 807 2407 Deus
824 2390 834 2413 ·,
851 2385 920 2406 cum
929 2374 992 2411 aliis
1002 2385 1101 2407 autem
1111 2372 1237 2417 polsunt,
1265 2373 1378 2406 Nullus
1393 2385 1466 2416 eigo
1476 2373 1667 2408 beneficiatus
1675 2373 1711 2406 ab
1723 2373 1776 2406 ho·
1792 2379 1816 2409 E

305 2421 386 2451 mine
396 2421 558 2457 vtlaDe0,
576 2420 734 2453 retribuere
745 2419 937 2458 iit-intendat,
952 2430 984 2451 vt
1002 2419 1030 2452 se
1047 2419 1085 2450 ab
1104 2418 1384 2463 omniobligatione
1400 2420 1569 2454 &vlteriori
1586 2419 1777 2453 retributione

123 2478 135 2516 Ιι
146 2477 288 2506 retribuen,
305 2465 430 2497 liberate
441 2464 563 2498 festinet.
587 2466 656 2498 Hoc
667 2477 745 2498 enim
759 2467 851 2498 animi
865 2466 903 2497 est
918 2466 1026 2508 ingrati
1043 2478 1050 2496 :
1068 2464 1169 2498 verum
1179 2464 1385 2497 retributiones
1396 2463 1778 2509 llrctributionibusmunera

123 2501 207 2553 t'ibus,
306 2511 496 2549 muneribus,
514 2512 543 2545 ὅ(
562 2513 667 2553 gratias
677 2512 780 2554 gratiis
791 2512 904 2554 semper
921 2511 1098 2547 accumulet,
1114 2521 1146 2542 vt
1163 2508 1200 2541 sic
1210 2513 1325 2554 semper
1340 2509 1505 2553 gratissimis
1520 2511 1705 2553 gratitudinis
1714 2512 1777 2543 vin-

307 2557 379 2588 culis
394 2557 590 2599 multiplicius
609 2556 755 2599 alligetur,
778 2557 808 2590 &
822 2567 931 2599 gratior
944 2568 977 2589 ac
992 2558 1104 2599 gratior
1121 2554 1234 2598 semper
1244 2554 1304 2590 fiat,
1321 2553 1419 2599 sicque
1436 2556 1556 2589 tandem
1571 2567 1654 2590 totus
1669 2558 1697 2588 in
1714 2567 1778 2599 gra-

307 2612 377 2634 tiam
388 2601 550 2645 gratissime*
560 2602 800 2634 transformetur.
827 2602 925 2633 Prima
942 2613 1007 2645 pars
1017 2601 1104 2634 huius
1114 2603 1279 2643 porismatis
1291 2600 1441 2634 euidenter
1450 2600 1638 2645 consequitur
1654 2613 1690 2634 ex
1706 2612 1777 2644 prae-

306 2646 402 2678 mistis
419 2662 428 2685 ·,
445 2648 570 2680 secunda
585 2647 712 2690 sequitur
727 2658 763 2679 ex
782 2646 834 2679 hac
849 2650 943 2690 prima
959 2648 988 2681 ὅ(
1004 2646 1133 2679 similiter
1147 2657 1184 2678 ex
1201 2645 1367 2689 praemissis.
1396 2646 1454 2679 scd
1470 2658 1535 2691 quzt
1553 2658 1630 2680 ratio
1646 2657 1697 2680 aut
1713 2658 1778 2690 quae

307 2691 406 2731 causa,
425 2704 517 2736 quare
525 2704 633 2725 exram
646 2692 746 2735 pusilla
763 2694 870 2729 radice,
883 2703 920 2725 cx
936 2703 995 2725 tam
1012 2693 1082 2724 exili
1097 2691 1244 2724 beneficio
1259 2692 1288 2726 ἃ
1306 2691 1405 2728 finito,
1418 2691 1700 2735 procedit&oritur
1714 2703 1776 2725 tam

305 2738 393 2769 fortis
404 2737 560 2780 obligatio,
570 2749 630 2770 tam
641 2737 1026 2780 magna&quodammodo
1038 2737 1164 2776 infinita,
1183 2739 1252 2780 quia
1268 2738 1345 2768 neca
1355 2741 1492 2780 potentia
1500 2736 1583 2771 finita
1592 2749 1645 2772 nec
1654 2737 1775 2770 forsitan

308 2782 438 2819 infinita,
455 2795 509 2815 nec
521 2795 572 2826 per
582 2784 712 2826 aliquam
722 2782 945 2815 retributionem
959 2783 1088 2822 finitam,
1106 2783 1256 2827 aliquasve*
1272 2782 1371 2815 finitas
1382 2785 1476 2825 potest
1486 2784 1621 2826 extingui
1643 2789 1652 2814 Ξ
1680 2783 1775 2821 Puto,

307 2831 374 2874 quia
383 2829 573 2864 manentibus
581 2828 768 2862 benciastoic
778 2829 808 2863 ὃ(
817 2828 1221 2870 beneficiato,bencficiatum
1229 2827 1307 2860 affici
1316 2827 1543 2872 quodammodo
1552 2829 1582 2865 ὃ(
1590 2829 1679 2864 reneri
1688 2828 1776 2861 bene-

1671 2873 1775 2907 fastori

296 1426 394 1535 E
403 1421 434 1452 X
444 1419 488 1451 his
503 1430 604 1452 autem
615 1420 786 1463 gratissimis
800 1419 987 1462 gratitudinis
1002 1418 1113 1463 regulis
1126 1420 1217 1462 gratis
1224 1417 1370 1452 omnibus
1380 1417 1510 1462 porisma
1518 1417 1718 1463 gratissimum
1728 1418 1778 1452 de-
