<?xml version="1.0" encoding="UTF-8"?>
<!DOCTYPE html PUBLIC "-//W3C//DTD XHTML 1.0 Transitional//EN"
    "http://www.w3.org/TR/xhtml1/DTD/xhtml1-transitional.dtd">
<html xmlns="http://www.w3.org/1999/xhtml" xml:lang="en" lang="en">
 <head>
  <title>
</title>
<meta http-equiv="Content-Type" content="text/html;charset=utf-8" />
  <meta name='ocr-system' content='tesseract 3.04.00' />
  <meta name='ocr-capabilities' content='ocr_page ocr_carea ocr_par ocr_line ocrx_word'/>
</head>
<body>
  <div class='ocr_page' id='page_1' title='image "./decausadeicontra00braduoft_0808.png"; bbox 0 0 1985 3130; ppageno 0'>
   <div class='ocr_carea' id='block_1_1' title="bbox 229 161 1849 236">
    <p class='ocr_par' dir='ltr' id='par_1_1' title="bbox 229 161 1849 236">
     <span class='ocr_line' id='line_1_1' title="bbox 229 161 1849 236; baseline 0.002 -26"><span class='ocrx_word' id='word_1_1' title='bbox 229 191 259 236; x_wconf 87' lang='lat'><strong>7</strong></span> <span class='ocrx_word' id='word_1_2' title='bbox 265 175 327 224; x_wconf 76' lang='lat'>68</span> <span class='ocrx_word' id='word_1_3' title='bbox 803 164 971 214; x_wconf 77' lang='lat' dir='ltr'>Thomae</span> <span class='ocrx_word' id='word_1_4' title='bbox 991 161 1281 212; x_wconf 70' lang='lat' dir='ltr'>fBradwardini</span> <span class='ocrx_word' id='word_1_5' title='bbox 1675 161 1715 212; x_wconf 89' lang='lat' dir='ltr'><strong>L</strong></span> <span class='ocrx_word' id='word_1_6' title='bbox 1729 180 1742 210; x_wconf 89' lang='lat' dir='ltr'>i</span> <span class='ocrx_word' id='word_1_7' title='bbox 1758 181 1801 212; x_wconf 76' lang='lat' dir='ltr'>n.</span> <span class='ocrx_word' id='word_1_8' title='bbox 1812 180 1849 228; x_wconf 82' lang='lat'>3.</span> 
     </span>
    </p>
   </div>
   <div class='ocr_carea' id='block_1_2' title="bbox 162 1267 277 1307">
    <p class='ocr_par' dir='ltr' id='par_1_2' title="bbox 162 1267 277 1307">
     <span class='ocr_line' id='line_1_2' title="bbox 162 1267 277 1307; baseline -0.017 -10"><span class='ocrx_word' id='word_1_9' title='bbox 162 1267 174 1307; x_wconf 85' lang='grc' dir='ltr'>ΙΙ</span> <span class='ocrx_word' id='word_1_10' title='bbox 191 1267 277 1297; x_wconf 82' lang='lat' dir='ltr'>homo</span> 
     </span>
    </p>
   </div>
   <div class='ocr_carea' id='block_1_3' title="bbox 171 2223 336 2264">
    <p class='ocr_par' dir='ltr' id='par_1_3' title="bbox 171 2223 336 2264">
     <span class='ocr_line' id='line_1_3' title="bbox 171 2223 336 2264; baseline -0.018 -10"><span class='ocrx_word' id='word_1_11' title='bbox 171 2223 336 2264; x_wconf 70' lang='lat' dir='ltr'>Philosophus.</span> 
     </span>
    </p>
   </div>
   <div class='ocr_carea' id='block_1_4' title="bbox 316 253 1849 1352">
    <p class='ocr_par' dir='ltr' id='par_1_4' title="bbox 316 253 1849 1352">
     <span class='ocr_line' id='line_1_4' title="bbox 316 253 1838 305; baseline -0.007 -8"><span class='ocrx_word' id='word_1_12' title='bbox 316 276 381 297; x_wconf 91' lang='lat' dir='ltr'>tum</span> <span class='ocrx_word' id='word_1_13' title='bbox 391 261 554 305; x_wconf 57' lang='lat' dir='ltr'>Vtriusque,</span> <span class='ocrx_word' id='word_1_14' title='bbox 570 263 600 296; x_wconf 69' lang='grc' dir='ltr'>ὃ(</span> <span class='ocrx_word' id='word_1_15' title='bbox 609 272 690 293; x_wconf 87' lang='lat' dir='ltr'>nunc</span> <span class='ocrx_word' id='word_1_16' title='bbox 700 257 813 291; x_wconf 83' lang='lat' dir='ltr'>neceffe</span> <span class='ocrx_word' id='word_1_17' title='bbox 821 256 860 290; x_wconf 87' lang='lat' dir='ltr'>est</span> <span class='ocrx_word' id='word_1_18' title='bbox 869 256 966 299; x_wconf 85' lang='lat' dir='ltr'>ipsum</span> <span class='ocrx_word' id='word_1_19' title='bbox 976 253 1017 286; x_wconf 88' lang='lat' dir='ltr'>sic</span> <span class='ocrx_word' id='word_1_20' title='bbox 1025 253 1108 286; x_wconf 77' lang='lat' dir='ltr'>suisse</span> <span class='ocrx_word' id='word_1_21' title='bbox 1115 263 1275 297; x_wconf 74' lang='lat' dir='ltr'>operatum</span> <span class='ocrx_word' id='word_1_22' title='bbox 1283 257 1414 287; x_wconf 76' lang='lat' dir='ltr'>exterius</span> <span class='ocrx_word' id='word_1_23' title='bbox 1432 263 1442 288; x_wconf 70' lang='grc' dir='ltr'><strong>ἱ</strong></span> <span class='ocrx_word' id='word_1_24' title='bbox 1457 265 1549 298; x_wconf 84' lang='lat' dir='ltr'>quate</span> <span class='ocrx_word' id='word_1_25' title='bbox 1559 265 1638 287; x_wconf 88' lang='lat' dir='ltr'>nunc</span> <span class='ocrx_word' id='word_1_26' title='bbox 1649 255 1689 287; x_wconf 83' lang='lat' dir='ltr'>est</span> <span class='ocrx_word' id='word_1_27' title='bbox 1699 256 1794 299; x_wconf 87' lang='lat' dir='ltr'>possi·</span> <span class='ocrx_word' id='word_1_28' title='bbox 1807 259 1838 292; x_wconf 84' lang='lat' dir='ltr'>A</span> 
     </span>
     <span class='ocr_line' id='line_1_5' title="bbox 317 298 1798 353; baseline -0.007 -11"><span class='ocrx_word' id='word_1_29' title='bbox 317 310 374 342; x_wconf 89' lang='lat' dir='ltr'>bile</span> <span class='ocrx_word' id='word_1_30' title='bbox 384 311 479 353; x_wconf 87' lang='lat' dir='ltr'>ipsum</span> <span class='ocrx_word' id='word_1_31' title='bbox 487 305 694 340; x_wconf 72' lang='lat' dir='ltr'>ieciffcconira</span> <span class='ocrx_word' id='word_1_32' title='bbox 703 303 916 336; x_wconf 81' lang='lat' dir='ltr'>reuelationem</span> <span class='ocrx_word' id='word_1_33' title='bbox 934 307 965 334; x_wconf 67' lang='grc' dir='ltr'>ὃς</span> <span class='ocrx_word' id='word_1_34' title='bbox 982 299 1128 332; x_wconf 86' lang='lat' dir='ltr'>visionem</span> <span class='ocrx_word' id='word_1_35' title='bbox 1141 301 1171 331; x_wconf 87' lang='lat' dir='ltr'>in</span> <span class='ocrx_word' id='word_1_36' title='bbox 1188 299 1300 339; x_wconf 87' lang='lat' dir='ltr'>vctbo,</span> <span class='ocrx_word' id='word_1_37' title='bbox 1312 299 1444 342; x_wconf 77' lang='lat' dir='ltr'>peccasse</span> <span class='ocrx_word' id='word_1_38' title='bbox 1458 300 1635 335; x_wconf 75' lang='lat' dir='ltr'>mortaliter,</span> <span class='ocrx_word' id='word_1_39' title='bbox 1651 298 1798 346; x_wconf 76' lang='lat' dir='ltr'>fuisseque</span> 
     </span>
     <span class='ocr_line' id='line_1_6' title="bbox 319 342 1800 388; baseline -0.005 0"><span class='ocrx_word' id='word_1_40' title='bbox 319 355 456 388; x_wconf 74' lang='lat' dir='ltr'>misci-um</span> <span class='ocrx_word' id='word_1_41' title='bbox 467 355 496 388; x_wconf 72' lang='grc' dir='ltr'>ὅ(</span> <span class='ocrx_word' id='word_1_42' title='bbox 505 353 693 385; x_wconf 87' lang='lat' dir='ltr'>damnatum.</span> <span class='ocrx_word' id='word_1_43' title='bbox 703 350 752 382; x_wconf 88' lang='lat' dir='ltr'>De</span> <span class='ocrx_word' id='word_1_44' title='bbox 760 347 902 381; x_wconf 80' lang='lat' dir='ltr'>Gabriele</span> <span class='ocrx_word' id='word_1_45' title='bbox 913 345 1042 378; x_wconf 81' lang='lat' dir='ltr'>similiter</span> <span class='ocrx_word' id='word_1_46' title='bbox 1053 342 1157 377; x_wconf 89' lang='lat' dir='ltr'>medio</span> <span class='ocrx_word' id='word_1_47' title='bbox 1167 350 1387 387; x_wconf 83' lang='lat' dir='ltr'>temporeinter</span> <span class='ocrx_word' id='word_1_48' title='bbox 1395 347 1655 378; x_wconf 78' lang='lat' dir='ltr'>annuntiationem</span> <span class='ocrx_word' id='word_1_49' title='bbox 1665 346 1695 380; x_wconf 74' lang='grc' dir='ltr'>ἂ</span> <span class='ocrx_word' id='word_1_50' title='bbox 1704 348 1800 381; x_wconf 83' lang='lat' dir='ltr'>incar-</span> 
     </span>
     <span class='ocr_line' id='line_1_7' title="bbox 322 388 1800 441; baseline -0.005 -8"><span class='ocrx_word' id='word_1_51' title='bbox 322 403 477 434; x_wconf 80' lang='lat' dir='ltr'>nationem</span> <span class='ocrx_word' id='word_1_52' title='bbox 489 399 544 431; x_wconf 80' lang='lat' dir='ltr'>fuit</span> <span class='ocrx_word' id='word_1_53' title='bbox 553 396 690 441; x_wconf 67' lang='lat' dir='ltr'>possibile</span> <span class='ocrx_word' id='word_1_54' title='bbox 699 395 784 437; x_wconf 77' lang='lat' dir='ltr'>quod</span> <span class='ocrx_word' id='word_1_55' title='bbox 795 391 1015 426; x_wconf 89' lang='lat' dir='ltr'>mentiebatur:</span> <span class='ocrx_word' id='word_1_56' title='bbox 1027 401 1097 422; x_wconf 82' lang='lat' dir='ltr'>nam</span> <span class='ocrx_word' id='word_1_57' title='bbox 1106 389 1229 433; x_wconf 89' lang='lat' dir='ltr'>quando</span> <span class='ocrx_word' id='word_1_58' title='bbox 1238 390 1310 424; x_wconf 70' lang='lat' dir='ltr'>dixit</span> <span class='ocrx_word' id='word_1_59' title='bbox 1317 391 1435 433; x_wconf 80' lang='lat' dir='ltr'>Virgini</span> <span class='ocrx_word' id='word_1_60' title='bbox 1445 388 1592 433; x_wconf 65' lang='lat' dir='ltr'>gratiosa,</span> <span class='ocrx_word' id='word_1_61' title='bbox 1608 391 1684 423; x_wconf 85' lang='lat' dir='ltr'>Ecce</span> <span class='ocrx_word' id='word_1_62' title='bbox 1693 394 1800 425; x_wconf 84' lang='lat' dir='ltr'>conci-</span> 
     </span>
     <span class='ocr_line' id='line_1_8' title="bbox 323 434 1801 489; baseline -0.011 -10"><span class='ocrx_word' id='word_1_63' title='bbox 323 449 396 489; x_wconf 79' lang='lat' dir='ltr'>pieS,</span> <span class='ocrx_word' id='word_1_64' title='bbox 405 444 542 488; x_wconf 81' lang='lat' dir='ltr'>possibile</span> <span class='ocrx_word' id='word_1_65' title='bbox 551 443 605 475; x_wconf 81' lang='lat' dir='ltr'>suit</span> <span class='ocrx_word' id='word_1_66' title='bbox 614 441 701 487; x_wconf 75' lang='lat' dir='ltr'>quod</span> <span class='ocrx_word' id='word_1_67' title='bbox 713 450 850 483; x_wconf 83' lang='lat' dir='ltr'>protunc</span> <span class='ocrx_word' id='word_1_68' title='bbox 859 449 920 471; x_wconf 92' lang='lat' dir='ltr'>non</span> <span class='ocrx_word' id='word_1_69' title='bbox 929 436 1041 469; x_wconf 76' lang='lat' dir='ltr'>vidisset</span> <span class='ocrx_word' id='word_1_70' title='bbox 1051 435 1123 466; x_wconf 92' lang='lat' dir='ltr'>illud</span> <span class='ocrx_word' id='word_1_71' title='bbox 1132 438 1161 466; x_wconf 90' lang='lat' dir='ltr'>in</span> <span class='ocrx_word' id='word_1_72' title='bbox 1171 434 1328 475; x_wconf 82' lang='lat' dir='ltr'>verbo‚ied</span> <span class='ocrx_word' id='word_1_73' title='bbox 1337 435 1511 479; x_wconf 88' lang='lat' dir='ltr'>oppositum</span> <span class='ocrx_word' id='word_1_74' title='bbox 1520 446 1582 468; x_wconf 86' lang='lat' dir='ltr'>eius</span> <span class='ocrx_word' id='word_1_75' title='bbox 1591 436 1680 482; x_wconf 81' lang='lat' dir='ltr'>plan&#39;e</span> <span class='ocrx_word' id='word_1_76' title='bbox 1691 448 1801 482; x_wconf 69' lang='lat' dir='ltr'>3quare</span> 
     </span>
     <span class='ocr_line' id='line_1_9' title="bbox 322 479 1800 532; baseline -0.007 -8"><span class='ocrx_word' id='word_1_77' title='bbox 322 492 379 524; x_wconf 81' lang='lat' dir='ltr'>fuit</span> <span class='ocrx_word' id='word_1_78' title='bbox 390 491 520 523; x_wconf 81' lang='lat' dir='ltr'>iimilitcr</span> <span class='ocrx_word' id='word_1_79' title='bbox 528 487 678 532; x_wconf 72' lang='lat' dir='ltr'>possibile,</span> <span class='ocrx_word' id='word_1_80' title='bbox 695 485 781 530; x_wconf 75' lang='lat' dir='ltr'>quod</span> <span class='ocrx_word' id='word_1_81' title='bbox 790 486 837 517; x_wconf 90' lang='lat' dir='ltr'>ille</span> <span class='ocrx_word' id='word_1_82' title='bbox 845 484 1028 516; x_wconf 79' lang='lat' dir='ltr'>beatissimus</span> <span class='ocrx_word' id='word_1_83' title='bbox 1042 479 1251 524; x_wconf 78' lang='lat' dir='ltr'>Archangelus</span> <span class='ocrx_word' id='word_1_84' title='bbox 1267 483 1397 514; x_wconf 80' lang='lat' dir='ltr'>Domini</span> <span class='ocrx_word' id='word_1_85' title='bbox 1412 482 1465 513; x_wconf 75' lang='lat' dir='ltr'>suit</span> <span class='ocrx_word' id='word_1_86' title='bbox 1475 479 1653 514; x_wconf 74' lang='lat' dir='ltr'>miserrimus</span> <span class='ocrx_word' id='word_1_87' title='bbox 1663 482 1800 528; x_wconf 84' lang='lat' dir='ltr'>Angelus</span> 
     </span>
     <span class='ocr_line' id='line_1_10' title="bbox 324 525 1802 579; baseline -0.007 -10"><span class='ocrx_word' id='word_1_88' title='bbox 324 539 441 570; x_wconf 78' lang='lat' dir='ltr'>Satanae</span> <span class='ocrx_word' id='word_1_89' title='bbox 448 559 454 571; x_wconf 81' lang='lat'>‚</span> <span class='ocrx_word' id='word_1_90' title='bbox 462 536 533 579; x_wconf 90' lang='lat' dir='ltr'>quia</span> <span class='ocrx_word' id='word_1_91' title='bbox 542 536 688 565; x_wconf 89' lang='lat' dir='ltr'>mentiens</span> <span class='ocrx_word' id='word_1_92' title='bbox 699 541 804 564; x_wconf 87' lang='lat' dir='ltr'>contra</span> <span class='ocrx_word' id='word_1_93' title='bbox 813 539 928 562; x_wconf 77' lang='lat' dir='ltr'>tantam</span> <span class='ocrx_word' id='word_1_94' title='bbox 937 534 968 561; x_wconf 69' lang='grc' dir='ltr'>ὅ(</span> <span class='ocrx_word' id='word_1_95' title='bbox 978 537 1039 560; x_wconf 86' lang='lat' dir='ltr'>tarn</span> <span class='ocrx_word' id='word_1_96' title='bbox 1048 525 1180 559; x_wconf 84' lang='lat' dir='ltr'>lucidam</span> <span class='ocrx_word' id='word_1_97' title='bbox 1192 528 1355 564; x_wconf 68' lang='lat' dir='ltr'>veritatem,</span> <span class='ocrx_word' id='word_1_98' title='bbox 1364 526 1586 569; x_wconf 78' lang='lat' dir='ltr'>mortaliterque</span> <span class='ocrx_word' id='word_1_99' title='bbox 1593 529 1737 571; x_wconf 79' lang='lat' dir='ltr'>peccauit.</span> <span class='ocrx_word' id='word_1_100' title='bbox 1745 527 1802 561; x_wconf 84' lang='lat' dir='ltr'>Af-</span> 
     </span>
     <span class='ocr_line' id='line_1_11' title="bbox 325 571 1803 623; baseline -0.006 -9"><span class='ocrx_word' id='word_1_101' title='bbox 325 582 422 616; x_wconf 79' lang='lat' dir='ltr'>firmet</span> <span class='ocrx_word' id='word_1_102' title='bbox 431 581 492 613; x_wconf 85' lang='lat' dir='ltr'>hoc</span> <span class='ocrx_word' id='word_1_103' title='bbox 501 581 554 623; x_wconf 85' lang='lat' dir='ltr'>qui</span> <span class='ocrx_word' id='word_1_104' title='bbox 561 579 664 612; x_wconf 83' lang='lat' dir='ltr'>audet:</span> <span class='ocrx_word' id='word_1_105' title='bbox 675 588 734 621; x_wconf 79' lang='lat' dir='ltr'>ego</span> <span class='ocrx_word' id='word_1_106' title='bbox 743 585 844 608; x_wconf 81' lang='lat' dir='ltr'>autern</span> <span class='ocrx_word' id='word_1_107' title='bbox 854 584 977 617; x_wconf 86' lang='lat' dir='ltr'>propter</span> <span class='ocrx_word' id='word_1_108' title='bbox 986 573 1182 618; x_wconf 84' lang='lat' dir='ltr'>reuerentiam</span> <span class='ocrx_word' id='word_1_109' title='bbox 1194 573 1324 604; x_wconf 82' lang='lat' dir='ltr'>veritatis</span> <span class='ocrx_word' id='word_1_110' title='bbox 1334 571 1398 604; x_wconf 82' lang='lat' dir='ltr'>haec</span> <span class='ocrx_word' id='word_1_111' title='bbox 1405 572 1508 603; x_wconf 86' lang='lat' dir='ltr'>omnia</span> <span class='ocrx_word' id='word_1_112' title='bbox 1517 572 1803 619; x_wconf 76' lang='lat' dir='ltr'>osteiidcntis‚prop-</span> 
     </span>
     <span class='ocr_line' id='line_1_12' title="bbox 325 614 1804 662; baseline -0.006 -3"><span class='ocrx_word' id='word_1_113' title='bbox 325 639 368 660; x_wconf 85' lang='lat' dir='ltr'>ter</span> <span class='ocrx_word' id='word_1_114' title='bbox 378 628 577 659; x_wconf 85' lang='lat' dir='ltr'>reuerentiam</span> <span class='ocrx_word' id='word_1_115' title='bbox 588 633 731 657; x_wconf 83' lang='lat' dir='ltr'>mittentis</span> <span class='ocrx_word' id='word_1_116' title='bbox 739 622 769 656; x_wconf 66' lang='grc' dir='ltr'>ἃ</span> <span class='ocrx_word' id='word_1_117' title='bbox 778 621 854 654; x_wconf 87' lang='lat' dir='ltr'>illius</span> <span class='ocrx_word' id='word_1_118' title='bbox 863 618 900 652; x_wconf 70' lang='lat' dir='ltr'>aid</span> <span class='ocrx_word' id='word_1_119' title='bbox 911 629 999 662; x_wconf 83' lang='lat' dir='ltr'>quam</span> <span class='ocrx_word' id='word_1_120' title='bbox 1010 618 1064 650; x_wconf 68' lang='lat' dir='ltr'>fnit</span> <span class='ocrx_word' id='word_1_121' title='bbox 1073 614 1185 656; x_wconf 66' lang='lat' dir='ltr'>miffiss,</span> <span class='ocrx_word' id='word_1_122' title='bbox 1201 628 1234 650; x_wconf 66' lang='lat' dir='ltr'>ac</span> <span class='ocrx_word' id='word_1_123' title='bbox 1243 627 1362 661; x_wconf 82' lang='lat' dir='ltr'>propter</span> <span class='ocrx_word' id='word_1_124' title='bbox 1371 617 1566 650; x_wconf 78' lang='lat' dir='ltr'>reuerentiam</span> <span class='ocrx_word' id='word_1_125' title='bbox 1579 616 1656 650; x_wconf 84' lang='lat' dir='ltr'>missi</span> <span class='ocrx_word' id='word_1_126' title='bbox 1672 618 1702 653; x_wconf 77' lang='grc' dir='ltr'>ὃ(</span> <span class='ocrx_word' id='word_1_127' title='bbox 1715 618 1804 662; x_wconf 80' lang='lat' dir='ltr'>ipsius</span> 
     </span>
     <span class='ocr_line' id='line_1_13' title="bbox 325 660 1805 716; baseline -0.005 -12"><span class='ocrx_word' id='word_1_128' title='bbox 325 683 449 716; x_wconf 86' lang='lat' dir='ltr'>propter</span> <span class='ocrx_word' id='word_1_129' title='bbox 457 682 545 715; x_wconf 88' lang='lat' dir='ltr'>quem</span> <span class='ocrx_word' id='word_1_130' title='bbox 554 668 609 702; x_wconf 84' lang='lat' dir='ltr'>fuit</span> <span class='ocrx_word' id='word_1_131' title='bbox 619 666 797 705; x_wconf 81' lang='lat' dir='ltr'>miffiis‚non</span> <span class='ocrx_word' id='word_1_132' title='bbox 807 666 904 699; x_wconf 81' lang='lat' dir='ltr'>audeo</span> <span class='ocrx_word' id='word_1_133' title='bbox 914 663 983 696; x_wconf 85' lang='lat' dir='ltr'>talia</span> <span class='ocrx_word' id='word_1_134' title='bbox 991 661 1148 695; x_wconf 80' lang='lat' dir='ltr'>affirmare.</span> <span class='ocrx_word' id='word_1_135' title='bbox 1174 662 1217 695; x_wconf 83' lang='lat' dir='ltr'>Ex</span> <span class='ocrx_word' id='word_1_136' title='bbox 1224 662 1283 694; x_wconf 86' lang='lat' dir='ltr'>hoc</span> <span class='ocrx_word' id='word_1_137' title='bbox 1291 673 1392 695; x_wconf 87' lang='lat' dir='ltr'>autem</span> <span class='ocrx_word' id='word_1_138' title='bbox 1402 660 1632 707; x_wconf 73' lang='lat' dir='ltr'>sequitur‚quod</span> <span class='ocrx_word' id='word_1_139' title='bbox 1641 662 1719 697; x_wconf 79' lang='lat' dir='ltr'>beati</span> <span class='ocrx_word' id='word_1_140' title='bbox 1727 663 1805 699; x_wconf 79' lang='lat' dir='ltr'>fina-</span> 
     </span>
     <span class='ocr_line' id='line_1_14' title="bbox 325 706 1806 758; baseline -0.005 -8"><span class='ocrx_word' id='word_1_141' title='bbox 325 720 392 751; x_wconf 86' lang='lat' dir='ltr'>liter</span> <span class='ocrx_word' id='word_1_142' title='bbox 399 717 572 750; x_wconf 85' lang='lat' dir='ltr'>confirmati</span> <span class='ocrx_word' id='word_1_143' title='bbox 581 713 700 758; x_wconf 75' lang='lat' dir='ltr'>possunt</span> <span class='ocrx_word' id='word_1_144' title='bbox 710 722 832 756; x_wconf 81' lang='lat' dir='ltr'>peccare</span> <span class='ocrx_word' id='word_1_145' title='bbox 849 725 860 749; x_wconf 79' lang='lat'>3</span> <span class='ocrx_word' id='word_1_146' title='bbox 874 720 967 754; x_wconf 76' lang='lat' dir='ltr'>quare</span> <span class='ocrx_word' id='word_1_147' title='bbox 975 719 1028 741; x_wconf 89' lang='lat' dir='ltr'>nec</span> <span class='ocrx_word' id='word_1_148' title='bbox 1037 708 1100 740; x_wconf 88' lang='lat' dir='ltr'>sunt</span> <span class='ocrx_word' id='word_1_149' title='bbox 1111 706 1238 740; x_wconf 77' lang='lat' dir='ltr'>finaliter</span> <span class='ocrx_word' id='word_1_150' title='bbox 1248 707 1430 741; x_wconf 77' lang='lat' dir='ltr'>confirmati,</span> <span class='ocrx_word' id='word_1_151' title='bbox 1444 718 1548 740; x_wconf 88' lang='lat' dir='ltr'>contra</span> <span class='ocrx_word' id='word_1_152' title='bbox 1557 707 1708 742; x_wconf 79' lang='lat' dir='ltr'>decimum</span> <span class='ocrx_word' id='word_1_153' title='bbox 1718 711 1806 754; x_wconf 88' lang='lat' dir='ltr'>quin-</span> 
     </span>
     <span class='ocr_line' id='line_1_15' title="bbox 327 751 1808 797; baseline -0.006 -1"><span class='ocrx_word' id='word_1_154' title='bbox 327 774 393 796; x_wconf 91' lang='lat' dir='ltr'>tum</span> <span class='ocrx_word' id='word_1_155' title='bbox 405 762 532 796; x_wconf 87' lang='lat' dir='ltr'>secundi.</span> <span class='ocrx_word' id='word_1_156' title='bbox 558 761 596 793; x_wconf 85' lang='lat' dir='ltr'>Et</span> <span class='ocrx_word' id='word_1_157' title='bbox 605 771 640 792; x_wconf 85' lang='lat' dir='ltr'>ex</span> <span class='ocrx_word' id='word_1_158' title='bbox 650 761 704 792; x_wconf 85' lang='lat' dir='ltr'>isto</span> <span class='ocrx_word' id='word_1_159' title='bbox 713 757 838 791; x_wconf 85' lang='lat' dir='ltr'>infertur</span> <span class='ocrx_word' id='word_1_160' title='bbox 849 753 1067 797; x_wconf 77' lang='lat' dir='ltr'>vltctius‚quod</span> <span class='ocrx_word' id='word_1_161' title='bbox 1078 752 1154 785; x_wconf 79' lang='lat' dir='ltr'>beati</span> <span class='ocrx_word' id='word_1_162' title='bbox 1164 764 1226 785; x_wconf 90' lang='lat' dir='ltr'>non</span> <span class='ocrx_word' id='word_1_163' title='bbox 1236 752 1313 791; x_wconf 87' lang='lat' dir='ltr'>sunt,</span> <span class='ocrx_word' id='word_1_164' title='bbox 1322 764 1374 786; x_wconf 89' lang='lat' dir='ltr'>nec</span> <span class='ocrx_word' id='word_1_165' title='bbox 1384 751 1440 785; x_wconf 84' lang='lat' dir='ltr'>effe</span> <span class='ocrx_word' id='word_1_166' title='bbox 1449 751 1570 797; x_wconf 86' lang='lat' dir='ltr'>poffunt</span> <span class='ocrx_word' id='word_1_167' title='bbox 1578 752 1616 786; x_wconf 90' lang='lat' dir='ltr'>de</span> <span class='ocrx_word' id='word_1_168' title='bbox 1625 753 1808 789; x_wconf 81' lang='lat' dir='ltr'>beatitudine</span> 
     </span>
     <span class='ocr_line' id='line_1_16' title="bbox 330 797 1849 849; baseline -0.005 -8"><span class='ocrx_word' id='word_1_169' title='bbox 330 810 379 842; x_wconf 87' lang='lat' dir='ltr'>sua</span> <span class='ocrx_word' id='word_1_170' title='bbox 387 810 470 842; x_wconf 82' lang='lat' dir='ltr'>certi.</span> <span class='ocrx_word' id='word_1_171' title='bbox 482 804 657 849; x_wconf 81' lang='lat' dir='ltr'>Qiotnodo</span> <span class='ocrx_word' id='word_1_172' title='bbox 668 814 796 846; x_wconf 72' lang='lat' dir='ltr'>namque</span> <span class='ocrx_word' id='word_1_173' title='bbox 804 812 935 835; x_wconf 78' lang='lat' dir='ltr'>creatura</span> <span class='ocrx_word' id='word_1_174' title='bbox 944 798 1102 843; x_wconf 82' lang='lat' dir='ltr'>peccabilis</span> <span class='ocrx_word' id='word_1_175' title='bbox 1111 799 1141 829; x_wconf 92' lang='lat' dir='ltr'>in</span> <span class='ocrx_word' id='word_1_176' title='bbox 1150 798 1223 831; x_wconf 85' lang='lat' dir='ltr'>statu</span> <span class='ocrx_word' id='word_1_177' title='bbox 1234 799 1459 842; x_wconf 84' lang='lat' dir='ltr'>peccabili,quia</span> <span class='ocrx_word' id='word_1_178' title='bbox 1469 809 1531 830; x_wconf 92' lang='lat' dir='ltr'>non</span> <span class='ocrx_word' id='word_1_179' title='bbox 1541 797 1720 832; x_wconf 87' lang='lat' dir='ltr'>confirmata</span> <span class='ocrx_word' id='word_1_180' title='bbox 1730 800 1807 834; x_wconf 84' lang='lat' dir='ltr'>fitia·</span> <span class='ocrx_word' id='word_1_181' title='bbox 1825 804 1849 837; x_wconf 82' lang='lat' dir='ltr'>B</span> 
     </span>
     <span class='ocr_line' id='line_1_17' title="bbox 329 844 1809 894; baseline -0.005 -9"><span class='ocrx_word' id='word_1_182' title='bbox 329 855 406 891; x_wconf 81' lang='lat' dir='ltr'>liter,</span> <span class='ocrx_word' id='word_1_183' title='bbox 414 854 452 887; x_wconf 88' lang='lat' dir='ltr'>de</span> <span class='ocrx_word' id='word_1_184' title='bbox 461 862 617 893; x_wconf 86' lang='lat' dir='ltr'>nunquam</span> <span class='ocrx_word' id='word_1_185' title='bbox 627 850 795 894; x_wconf 83' lang='lat' dir='ltr'>peccando,</span> <span class='ocrx_word' id='word_1_186' title='bbox 812 855 842 881; x_wconf 76' lang='lat' dir='ltr'>sc</span> <span class='ocrx_word' id='word_1_187' title='bbox 850 848 887 880; x_wconf 92' lang='lat' dir='ltr'>dc</span> <span class='ocrx_word' id='word_1_188' title='bbox 896 844 1081 879; x_wconf 79' lang='lat' dir='ltr'>beatitudine</span> <span class='ocrx_word' id='word_1_189' title='bbox 1089 854 1230 886; x_wconf 79' lang='lat' dir='ltr'>perpetua</span> <span class='ocrx_word' id='word_1_190' title='bbox 1239 847 1291 877; x_wconf 90' lang='lat' dir='ltr'>ctit</span> <span class='ocrx_word' id='word_1_191' title='bbox 1300 855 1379 876; x_wconf 87' lang='lat' dir='ltr'>certa</span> <span class='ocrx_word' id='word_1_192' title='bbox 1396 850 1407 875; x_wconf 88' lang='lat'>?</span> <span class='ocrx_word' id='word_1_193' title='bbox 1425 844 1495 876; x_wconf 88' lang='lat' dir='ltr'>Nec</span> <span class='ocrx_word' id='word_1_194' title='bbox 1503 844 1594 877; x_wconf 79' lang='lat' dir='ltr'>alium</span> <span class='ocrx_word' id='word_1_195' title='bbox 1604 844 1710 877; x_wconf 84' lang='lat' dir='ltr'>statum</span> <span class='ocrx_word' id='word_1_196' title='bbox 1719 845 1809 880; x_wconf 87' lang='lat' dir='ltr'>firmi-</span> 
     </span>
     <span class='ocr_line' id='line_1_18' title="bbox 329 888 1809 938; baseline -0.005 -6"><span class='ocrx_word' id='word_1_197' title='bbox 329 911 414 932; x_wconf 86' lang='lat' dir='ltr'>orem</span> <span class='ocrx_word' id='word_1_198' title='bbox 426 909 475 931; x_wconf 86' lang='lat' dir='ltr'>aut</span> <span class='ocrx_word' id='word_1_199' title='bbox 484 900 642 930; x_wconf 87' lang='lat' dir='ltr'>certiorem</span> <span class='ocrx_word' id='word_1_200' title='bbox 653 895 747 938; x_wconf 87' lang='lat' dir='ltr'>p0test</span> <span class='ocrx_word' id='word_1_201' title='bbox 756 896 840 927; x_wconf 88' lang='lat' dir='ltr'>Deus</span> <span class='ocrx_word' id='word_1_202' title='bbox 855 891 945 924; x_wconf 83' lang='lat' dir='ltr'>beatis</span> <span class='ocrx_word' id='word_1_203' title='bbox 960 889 1107 923; x_wconf 84' lang='lat' dir='ltr'>conferre.</span> <span class='ocrx_word' id='word_1_204' title='bbox 1132 889 1162 920; x_wconf 89' lang='lat' dir='ltr'>Si</span> <span class='ocrx_word' id='word_1_205' title='bbox 1173 891 1261 922; x_wconf 87' lang='lat' dir='ltr'>etiam</span> <span class='ocrx_word' id='word_1_206' title='bbox 1272 891 1356 923; x_wconf 84' lang='lat' dir='ltr'>Deus</span> <span class='ocrx_word' id='word_1_207' title='bbox 1365 890 1462 932; x_wconf 78' lang='lat' dir='ltr'>posset</span> <span class='ocrx_word' id='word_1_208' title='bbox 1471 888 1632 922; x_wconf 87' lang='lat' dir='ltr'>certificare</span> <span class='ocrx_word' id='word_1_209' title='bbox 1641 889 1762 925; x_wconf 78' lang='lat' dir='ltr'>beatum</span> <span class='ocrx_word' id='word_1_210' title='bbox 1770 892 1809 925; x_wconf 84' lang='lat' dir='ltr'>de</span> 
     </span>
     <span class='ocr_line' id='line_1_19' title="bbox 331 934 1810 980; baseline -0.006 -3"><span class='ocrx_word' id='word_1_211' title='bbox 331 944 516 978; x_wconf 82' lang='lat' dir='ltr'>beatitudine</span> <span class='ocrx_word' id='word_1_212' title='bbox 527 941 692 980; x_wconf 69' lang='lat' dir='ltr'>suasurum,</span> <span class='ocrx_word' id='word_1_213' title='bbox 709 939 770 972; x_wconf 90' lang='lat' dir='ltr'>hoc</span> <span class='ocrx_word' id='word_1_214' title='bbox 778 939 907 971; x_wconf 75' lang='lat' dir='ltr'>maxime</span> <span class='ocrx_word' id='word_1_215' title='bbox 916 935 985 969; x_wconf 75' lang='lat' dir='ltr'>esset</span> <span class='ocrx_word' id='word_1_216' title='bbox 996 947 1049 979; x_wconf 86' lang='lat' dir='ltr'>per</span> <span class='ocrx_word' id='word_1_217' title='bbox 1055 934 1187 977; x_wconf 82' lang='lat' dir='ltr'>aliquam</span> <span class='ocrx_word' id='word_1_218' title='bbox 1197 936 1414 968; x_wconf 81' lang='lat' dir='ltr'>reiielationem</span> <span class='ocrx_word' id='word_1_219' title='bbox 1424 936 1455 966; x_wconf 87' lang='lat' dir='ltr'>in</span> <span class='ocrx_word' id='word_1_220' title='bbox 1465 935 1557 967; x_wconf 86' lang='lat' dir='ltr'>verbo</span> <span class='ocrx_word' id='word_1_221' title='bbox 1572 950 1583 974; x_wconf 75' lang='lat'>3</span> <span class='ocrx_word' id='word_1_222' title='bbox 1601 934 1648 967; x_wconf 91' lang='lat' dir='ltr'>sed</span> <span class='ocrx_word' id='word_1_223' title='bbox 1659 936 1737 970; x_wconf 80' lang='lat' dir='ltr'>nulla</span> <span class='ocrx_word' id='word_1_224' title='bbox 1747 937 1810 971; x_wconf 86' lang='lat' dir='ltr'>talis</span> 
     </span>
     <span class='ocr_line' id='line_1_20' title="bbox 331 979 1811 1032; baseline -0.008 -8"><span class='ocrx_word' id='word_1_225' title='bbox 331 990 484 1025; x_wconf 83' lang='lat' dir='ltr'>certificat,</span> <span class='ocrx_word' id='word_1_226' title='bbox 498 989 566 1032; x_wconf 87' lang='lat' dir='ltr'>quia</span> <span class='ocrx_word' id='word_1_227' title='bbox 574 997 761 1031; x_wconf 62' lang='lat' dir='ltr'>quaecunque</span> <span class='ocrx_word' id='word_1_228' title='bbox 771 984 850 1022; x_wconf 79' lang='lat' dir='ltr'>talis,</span> <span class='ocrx_word' id='word_1_229' title='bbox 867 982 918 1014; x_wconf 82' lang='lat' dir='ltr'>etsi</span> <span class='ocrx_word' id='word_1_230' title='bbox 935 992 1016 1014; x_wconf 90' lang='lat' dir='ltr'>nunc</span> <span class='ocrx_word' id='word_1_231' title='bbox 1026 979 1058 1012; x_wconf 86' lang='lat' dir='ltr'>sit</span> <span class='ocrx_word' id='word_1_232' title='bbox 1068 980 1390 1023; x_wconf 84' lang='lat' dir='ltr'>vniusoppoiitorurn‚</span> <span class='ocrx_word' id='word_1_233' title='bbox 1407 981 1503 1024; x_wconf 84' lang='lat' dir='ltr'>potest</span> <span class='ocrx_word' id='word_1_234' title='bbox 1518 990 1599 1012; x_wconf 88' lang='lat' dir='ltr'>nunc</span> <span class='ocrx_word' id='word_1_235' title='bbox 1615 982 1646 1013; x_wconf 71' lang='grc' dir='ltr'>ὅ(</span> <span class='ocrx_word' id='word_1_236' title='bbox 1661 992 1716 1023; x_wconf 89' lang='lat' dir='ltr'>pto</span> <span class='ocrx_word' id='word_1_237' title='bbox 1729 993 1811 1015; x_wconf 87' lang='lat' dir='ltr'>nune</span> 
     </span>
     <span class='ocr_line' id='line_1_21' title="bbox 332 1025 1813 1075; baseline -0.009 -10"><span class='ocrx_word' id='word_1_238' title='bbox 332 1047 394 1069; x_wconf 77' lang='lat' dir='ltr'>non</span> <span class='ocrx_word' id='word_1_239' title='bbox 404 1036 460 1068; x_wconf 79' lang='lat' dir='ltr'>effe</span> <span class='ocrx_word' id='word_1_240' title='bbox 469 1035 556 1070; x_wconf 71' lang='lat' dir='ltr'>illius,</span> <span class='ocrx_word' id='word_1_241' title='bbox 573 1032 621 1065; x_wconf 84' lang='lat' dir='ltr'>sed</span> <span class='ocrx_word' id='word_1_242' title='bbox 629 1034 690 1065; x_wconf 88' lang='lat' dir='ltr'>eius</span> <span class='ocrx_word' id='word_1_243' title='bbox 698 1027 832 1075; x_wconf 76' lang='lat' dir='ltr'>oppositi</span> <span class='ocrx_word' id='word_1_244' title='bbox 842 1044 852 1067; x_wconf 73' lang='lat'>3</span> <span class='ocrx_word' id='word_1_245' title='bbox 861 1027 926 1060; x_wconf 76' lang='lat' dir='ltr'>imo</span> <span class='ocrx_word' id='word_1_246' title='bbox 937 1026 1021 1071; x_wconf 88' lang='lat' dir='ltr'>quod</span> <span class='ocrx_word' id='word_1_247' title='bbox 1029 1027 1126 1068; x_wconf 73' lang='lat' dir='ltr'>magis</span> <span class='ocrx_word' id='word_1_248' title='bbox 1136 1025 1255 1058; x_wconf 85' lang='lat' dir='ltr'>videtur</span> <span class='ocrx_word' id='word_1_249' title='bbox 1262 1037 1435 1064; x_wconf 83' lang='lat' dir='ltr'>erroneum,</span> <span class='ocrx_word' id='word_1_250' title='bbox 1444 1036 1497 1056; x_wconf 89' lang='lat' dir='ltr'>nec</span> <span class='ocrx_word' id='word_1_251' title='bbox 1507 1025 1590 1057; x_wconf 84' lang='lat' dir='ltr'>Deus</span> <span class='ocrx_word' id='word_1_252' title='bbox 1600 1027 1694 1069; x_wconf 83' lang='lat' dir='ltr'>potest</span> <span class='ocrx_word' id='word_1_253' title='bbox 1705 1027 1813 1062; x_wconf 84' lang='lat' dir='ltr'>certifi.</span> 
     </span>
     <span class='ocr_line' id='line_1_22' title="bbox 333 1067 1812 1117; baseline -0.011 -3"><span class='ocrx_word' id='word_1_254' title='bbox 333 1092 401 1114; x_wconf 81' lang='lat' dir='ltr'>care</span> <span class='ocrx_word' id='word_1_255' title='bbox 410 1080 529 1114; x_wconf 86' lang='lat' dir='ltr'>beatum</span> <span class='ocrx_word' id='word_1_256' title='bbox 541 1079 577 1110; x_wconf 90' lang='lat' dir='ltr'>de</span> <span class='ocrx_word' id='word_1_257' title='bbox 585 1076 771 1109; x_wconf 83' lang='lat' dir='ltr'>beatitudine</span> <span class='ocrx_word' id='word_1_258' title='bbox 780 1074 832 1107; x_wconf 81' lang='lat' dir='ltr'>sua</span> <span class='ocrx_word' id='word_1_259' title='bbox 839 1075 988 1117; x_wconf 65' lang='lat' dir='ltr'>praterita</span> <span class='ocrx_word' id='word_1_260' title='bbox 996 1082 1051 1104; x_wconf 90' lang='lat' dir='ltr'>nec</span> <span class='ocrx_word' id='word_1_261' title='bbox 1059 1067 1202 1114; x_wconf 75' lang='lat' dir='ltr'>praesenii.</span> <span class='ocrx_word' id='word_1_262' title='bbox 1228 1072 1260 1103; x_wconf 87' lang='lat' dir='ltr'>In</span> <span class='ocrx_word' id='word_1_263' title='bbox 1270 1071 1330 1103; x_wconf 88' lang='lat' dir='ltr'>hoe</span> <span class='ocrx_word' id='word_1_264' title='bbox 1339 1074 1420 1102; x_wconf 88' lang='lat' dir='ltr'>enim</span> <span class='ocrx_word' id='word_1_265' title='bbox 1435 1072 1550 1103; x_wconf 78' lang='lat' dir='ltr'>instanti</span> <span class='ocrx_word' id='word_1_266' title='bbox 1566 1072 1701 1115; x_wconf 77' lang='lat' dir='ltr'>praesenti</span> <span class='ocrx_word' id='word_1_267' title='bbox 1716 1085 1812 1116; x_wconf 69' lang='lat' dir='ltr'>pona-</span> 
     </span>
     <span class='ocr_line' id='line_1_23' title="bbox 335 1115 1812 1169; baseline -0.006 -10"><span class='ocrx_word' id='word_1_268' title='bbox 335 1137 394 1166; x_wconf 76' lang='lat' dir='ltr'>tur,</span> <span class='ocrx_word' id='word_1_269' title='bbox 404 1128 433 1158; x_wconf 90' lang='lat' dir='ltr'>in</span> <span class='ocrx_word' id='word_1_270' title='bbox 445 1138 508 1169; x_wconf 88' lang='lat' dir='ltr'>quo</span> <span class='ocrx_word' id='word_1_271' title='bbox 519 1124 622 1156; x_wconf 81' lang='lat' dir='ltr'>beatus</span> <span class='ocrx_word' id='word_1_272' title='bbox 632 1121 752 1155; x_wconf 77' lang='lat' dir='ltr'>Gabriel</span> <span class='ocrx_word' id='word_1_273' title='bbox 760 1121 875 1154; x_wconf 83' lang='lat' dir='ltr'>nuntiat</span> <span class='ocrx_word' id='word_1_274' title='bbox 887 1119 1005 1161; x_wconf 83' lang='lat' dir='ltr'>Virgini</span> <span class='ocrx_word' id='word_1_275' title='bbox 1014 1117 1152 1161; x_wconf 84' lang='lat' dir='ltr'>gratiosae</span> <span class='ocrx_word' id='word_1_276' title='bbox 1162 1115 1249 1160; x_wconf 71' lang='lat' dir='ltr'>quod</span> <span class='ocrx_word' id='word_1_277' title='bbox 1259 1119 1297 1150; x_wconf 87' lang='lat' dir='ltr'>est</span> <span class='ocrx_word' id='word_1_278' title='bbox 1306 1117 1400 1150; x_wconf 82' lang='lat' dir='ltr'>filium</span> <span class='ocrx_word' id='word_1_279' title='bbox 1411 1126 1608 1158; x_wconf 84' lang='lat' dir='ltr'>conceptura,</span> <span class='ocrx_word' id='word_1_280' title='bbox 1623 1117 1763 1160; x_wconf 78' lang='lat' dir='ltr'>possibile</span> <span class='ocrx_word' id='word_1_281' title='bbox 1771 1118 1812 1152; x_wconf 87' lang='lat' dir='ltr'>est</span> 
     </span>
     <span class='ocr_line' id='line_1_24' title="bbox 336 1161 1812 1210; baseline -0.006 -5"><span class='ocrx_word' id='word_1_282' title='bbox 336 1184 405 1205; x_wconf 87' lang='lat' dir='ltr'>eum</span> <span class='ocrx_word' id='word_1_283' title='bbox 416 1184 494 1204; x_wconf 84' lang='lat' dir='ltr'>nunc</span> <span class='ocrx_word' id='word_1_284' title='bbox 503 1167 678 1202; x_wconf 85' lang='lat' dir='ltr'>mentiendo</span> <span class='ocrx_word' id='word_1_285' title='bbox 687 1177 818 1210; x_wconf 72' lang='lat' dir='ltr'>peccare,</span> <span class='ocrx_word' id='word_1_286' title='bbox 834 1166 864 1197; x_wconf 81' lang='lat' dir='ltr'>in</span> <span class='ocrx_word' id='word_1_287' title='bbox 875 1168 1083 1206; x_wconf 85' lang='lat' dir='ltr'>praetetitoque</span> <span class='ocrx_word' id='word_1_288' title='bbox 1102 1161 1232 1204; x_wconf 82' lang='lat' dir='ltr'>peccasse</span> <span class='ocrx_word' id='word_1_289' title='bbox 1246 1164 1262 1194; x_wconf 66' lang='lat' dir='ltr'>a</span> <span class='ocrx_word' id='word_1_290' title='bbox 1277 1173 1415 1206; x_wconf 85' lang='lat' dir='ltr'>ternpore</span> <span class='ocrx_word' id='word_1_291' title='bbox 1431 1172 1490 1205; x_wconf 93' lang='lat' dir='ltr'>quo</span> <span class='ocrx_word' id='word_1_292' title='bbox 1498 1163 1595 1195; x_wconf 87' lang='lat' dir='ltr'>voluit</span> <span class='ocrx_word' id='word_1_293' title='bbox 1603 1162 1663 1194; x_wconf 88' lang='lat' dir='ltr'>hoc</span> <span class='ocrx_word' id='word_1_294' title='bbox 1673 1161 1812 1198; x_wconf 82' lang='lat' dir='ltr'>scienter:</span> 
     </span>
     <span class='ocr_line' id='line_1_25' title="bbox 336 1205 1815 1261; baseline -0.005 -11"><span class='ocrx_word' id='word_1_295' title='bbox 336 1217 560 1261; x_wconf 81' lang='lat' dir='ltr'>possibilccnim</span> <span class='ocrx_word' id='word_1_296' title='bbox 570 1216 619 1252; x_wconf 82' lang='lat' dir='ltr'>est,</span> <span class='ocrx_word' id='word_1_297' title='bbox 627 1208 800 1257; x_wconf 58' lang='lat' dir='ltr'>quod&#39;nunc</span> <span class='ocrx_word' id='word_1_298' title='bbox 808 1209 921 1248; x_wconf 79' lang='lat' dir='ltr'>videat,</span> <span class='ocrx_word' id='word_1_299' title='bbox 937 1210 967 1243; x_wconf 74' lang='grc' dir='ltr'>ὅ(</span> <span class='ocrx_word' id='word_1_300' title='bbox 977 1208 1124 1242; x_wconf 76' lang='lat' dir='ltr'>continue</span> <span class='ocrx_word' id='word_1_301' title='bbox 1133 1209 1213 1251; x_wconf 86' lang='lat' dir='ltr'>prius</span> <span class='ocrx_word' id='word_1_302' title='bbox 1220 1208 1295 1240; x_wconf 88' lang='lat' dir='ltr'>vidit</span> <span class='ocrx_word' id='word_1_303' title='bbox 1303 1207 1480 1252; x_wconf 82' lang='lat' dir='ltr'>oppofitum</span> <span class='ocrx_word' id='word_1_304' title='bbox 1489 1205 1577 1240; x_wconf 88' lang='lat' dir='ltr'>huius</span> <span class='ocrx_word' id='word_1_305' title='bbox 1586 1209 1616 1240; x_wconf 85' lang='lat' dir='ltr'>in</span> <span class='ocrx_word' id='word_1_306' title='bbox 1625 1208 1720 1241; x_wconf 79' lang='lat' dir='ltr'>verbo</span> <span class='ocrx_word' id='word_1_307' title='bbox 1729 1222 1738 1245; x_wconf 91' lang='lat'>·‚</span> <span class='ocrx_word' id='word_1_308' title='bbox 1746 1209 1815 1242; x_wconf 85' lang='lat' dir='ltr'>nul-</span> 
     </span>
     <span class='ocr_line' id='line_1_26' title="bbox 335 1251 1815 1307; baseline -0.005 -12"><span class='ocrx_word' id='word_1_309' title='bbox 335 1264 383 1297; x_wconf 85' lang='lat' dir='ltr'>lus</span> <span class='ocrx_word' id='word_1_310' title='bbox 391 1274 465 1307; x_wconf 84' lang='lat' dir='ltr'>ergo</span> <span class='ocrx_word' id='word_1_311' title='bbox 474 1261 486 1289; x_wconf 81' lang='lat' dir='ltr'>il</span> <span class='ocrx_word' id='word_1_312' title='bbox 494 1261 584 1293; x_wconf 77' lang='lat' dir='ltr'>beatus</span> <span class='ocrx_word' id='word_1_313' title='bbox 592 1262 631 1293; x_wconf 87' lang='lat' dir='ltr'>est</span> <span class='ocrx_word' id='word_1_314' title='bbox 640 1269 750 1294; x_wconf 83' lang='lat' dir='ltr'>certus,</span> <span class='ocrx_word' id='word_1_315' title='bbox 765 1267 820 1288; x_wconf 90' lang='lat' dir='ltr'>nec</span> <span class='ocrx_word' id='word_1_316' title='bbox 837 1253 894 1288; x_wconf 80' lang='lat' dir='ltr'>esse</span> <span class='ocrx_word' id='word_1_317' title='bbox 903 1256 996 1298; x_wconf 77' lang='lat' dir='ltr'>pocest</span> <span class='ocrx_word' id='word_1_318' title='bbox 1006 1253 1043 1288; x_wconf 87' lang='lat' dir='ltr'>de</span> <span class='ocrx_word' id='word_1_319' title='bbox 1052 1251 1294 1287; x_wconf 83' lang='lat' dir='ltr'>beatitudinesua</span> <span class='ocrx_word' id='word_1_320' title='bbox 1308 1254 1421 1293; x_wconf 79' lang='lat' dir='ltr'>fututa,</span> <span class='ocrx_word' id='word_1_321' title='bbox 1436 1255 1593 1298; x_wconf 65' lang='lat' dir='ltr'>praeterita,</span> <span class='ocrx_word' id='word_1_322' title='bbox 1605 1253 1654 1287; x_wconf 88' lang='lat' dir='ltr'>vel</span> <span class='ocrx_word' id='word_1_323' title='bbox 1668 1253 1815 1298; x_wconf 82' lang='lat' dir='ltr'>praesenti,</span> 
     </span>
     <span class='ocr_line' id='line_1_27' title="bbox 336 1299 1037 1352; baseline -0.013 -11"><span class='ocrx_word' id='word_1_324' title='bbox 336 1319 443 1342; x_wconf 85' lang='lat' dir='ltr'>contra</span> <span class='ocrx_word' id='word_1_325' title='bbox 452 1309 530 1352; x_wconf 76' lang='lat' dir='ltr'>prius</span> <span class='ocrx_word' id='word_1_326' title='bbox 539 1306 654 1339; x_wconf 82' lang='lat' dir='ltr'>ostensa</span> <span class='ocrx_word' id='word_1_327' title='bbox 662 1303 813 1336; x_wconf 84' lang='lat' dir='ltr'>tricesimo</span> <span class='ocrx_word' id='word_1_328' title='bbox 820 1311 929 1345; x_wconf 85' lang='lat' dir='ltr'>quarto</span> <span class='ocrx_word' id='word_1_329' title='bbox 938 1299 1037 1333; x_wconf 83' lang='lat' dir='ltr'>huius.</span> 
     </span>
    </p>
   </div>
   <div class='ocr_carea' id='block_1_5' title="bbox 1825 1342 1857 1375">
    <p class='ocr_par' dir='ltr' id='par_1_5' title="bbox 1825 1342 1857 1375">
     <span class='ocr_line' id='line_1_28' title="bbox 1825 1342 1857 1375; baseline 0 0"><span class='ocrx_word' id='word_1_330' title='bbox 1825 1342 1857 1375; x_wconf 91' lang='lat' dir='ltr'>C</span> 
     </span>
    </p>
   </div>
   <div class='ocr_carea' id='block_1_6' title="bbox 1160 1431 1291 1439">
    <p class='ocr_par' dir='ltr' id='par_1_6' title="bbox 1160 1431 1291 1439">
     <span class='ocr_line' id='line_1_29' title="bbox 1160 1431 1291 1439; baseline -0.008 0"><span class='ocrx_word' id='word_1_331' title='bbox 1160 1431 1291 1439; x_wconf 40' lang='lat' dir='ltr'>—a—-ss</span> 
     </span>
    </p>
   </div>
   <div class='ocr_carea' id='block_1_7' title="bbox 775 1494 1385 1551">
    <p class='ocr_par' dir='ltr' id='par_1_7' title="bbox 775 1494 1385 1551">
     <span class='ocr_line' id='line_1_30' title="bbox 775 1494 1385 1551; baseline -0.008 0"><span class='ocrx_word' id='word_1_332' title='bbox 775 1499 973 1551; x_wconf 87' lang='lat' dir='ltr'><strong>CAP.</strong></span> <span class='ocrx_word' id='word_1_333' title='bbox 1032 1494 1385 1546; x_wconf 87' lang='lat' dir='ltr'>XXXVII.</span> 
     </span>
    </p>
   </div>
   <div class='ocr_carea' id='block_1_8' title="bbox 794 1601 1368 1670">
    <p class='ocr_par' dir='ltr' id='par_1_8' title="bbox 794 1601 1368 1670">
     <span class='ocr_line' id='line_1_31' title="bbox 794 1601 1368 1670; baseline -0.01 -18"><span class='ocrx_word' id='word_1_334' title='bbox 794 1601 973 1670; x_wconf 76' lang='lat' dir='ltr'>eslrguit</span> <span class='ocrx_word' id='word_1_335' title='bbox 989 1614 1117 1650; x_wconf 87' lang='lat' dir='ltr'>contra</span> <span class='ocrx_word' id='word_1_336' title='bbox 1135 1612 1368 1668; x_wconf 61' lang='lat' dir='ltr'>quartam.</span> 
     </span>
    </p>
   </div>
   <div class='ocr_carea' id='block_1_9' title="bbox 345 1704 1859 2710">
    <p class='ocr_par' dir='ltr' id='par_1_9' title="bbox 345 1704 1859 2710">
     <span class='ocr_line' id='line_1_32' title="bbox 700 1704 1816 1755; baseline -0.008 -8"><span class='ocrx_word' id='word_1_337' title='bbox 700 1714 794 1747; x_wconf 83' lang='lat' dir='ltr'>Vatta</span> <span class='ocrx_word' id='word_1_338' title='bbox 803 1721 902 1745; x_wconf 79' lang='lat' dir='ltr'>:tutem</span> <span class='ocrx_word' id='word_1_339' title='bbox 914 1709 1068 1755; x_wconf 81' lang='lat' dir='ltr'>responsio</span> <span class='ocrx_word' id='word_1_340' title='bbox 1083 1708 1186 1742; x_wconf 81' lang='lat' dir='ltr'>dicens</span> <span class='ocrx_word' id='word_1_341' title='bbox 1201 1706 1428 1752; x_wconf 81' lang='lat' dir='ltr'>incomplexam</span> <span class='ocrx_word' id='word_1_342' title='bbox 1446 1707 1477 1743; x_wconf 87' lang='lat'>&amp;</span> <span class='ocrx_word' id='word_1_343' title='bbox 1494 1704 1657 1750; x_wconf 75' lang='lat' dir='ltr'>simplicem</span> <span class='ocrx_word' id='word_1_344' title='bbox 1667 1706 1816 1742; x_wconf 76' lang='lat' dir='ltr'>vi‘flonem</span> 
     </span>
     <span class='ocr_line' id='line_1_33' title="bbox 660 1749 1815 1802; baseline -0.003 -12"><span class='ocrx_word' id='word_1_345' title='bbox 660 1761 667 1769; x_wconf 60' lang='lat'>⁸</span> <span class='ocrx_word' id='word_1_346' title='bbox 681 1792 683 1802; x_wconf 52' lang='grc' dir='ltr'>Ι</span> <span class='ocrx_word' id='word_1_347' title='bbox 714 1757 970 1802; x_wconf 69' lang='lat' dir='ltr'>fimplicisobiesti</span> <span class='ocrx_word' id='word_1_348' title='bbox 982 1759 1014 1788; x_wconf 90' lang='lat' dir='ltr'>in</span> <span class='ocrx_word' id='word_1_349' title='bbox 1029 1754 1123 1789; x_wconf 83' lang='lat' dir='ltr'>verbo</span> <span class='ocrx_word' id='word_1_350' title='bbox 1134 1750 1306 1796; x_wconf 75' lang='lat' dir='ltr'>poisefuisse</span> <span class='ocrx_word' id='word_1_351' title='bbox 1313 1754 1430 1786; x_wconf 82' lang='lat' dir='ltr'>causam</span> <span class='ocrx_word' id='word_1_352' title='bbox 1448 1752 1511 1785; x_wconf 84' lang='lat' dir='ltr'>talis</span> <span class='ocrx_word' id='word_1_353' title='bbox 1528 1749 1652 1788; x_wconf 65' lang='lat' dir='ltr'>effeetus</span> <span class='ocrx_word' id='word_1_354' title='bbox 1664 1755 1815 1796; x_wconf 78' lang='lat' dir='ltr'>praeteriti,</span> 
     </span>
     <span class='ocr_line' id='line_1_34' title="bbox 715 1799 1815 1846; baseline -0.002 -10"><span class='ocrx_word' id='word_1_355' title='bbox 715 1803 882 1846; x_wconf 89' lang='lat' dir='ltr'>simpliciter</span> <span class='ocrx_word' id='word_1_356' title='bbox 890 1801 1019 1834; x_wconf 89' lang='lat' dir='ltr'>multum</span> <span class='ocrx_word' id='word_1_357' title='bbox 1027 1802 1110 1835; x_wconf 87' lang='lat' dir='ltr'>dicit.</span> <span class='ocrx_word' id='word_1_358' title='bbox 1134 1799 1205 1832; x_wconf 85' lang='lat' dir='ltr'>Sola</span> <span class='ocrx_word' id='word_1_359' title='bbox 1218 1809 1350 1844; x_wconf 85' lang='lat' dir='ltr'>namque</span> <span class='ocrx_word' id='word_1_360' title='bbox 1359 1799 1497 1842; x_wconf 88' lang='lat' dir='ltr'>cognitio</span> <span class='ocrx_word' id='word_1_361' title='bbox 1507 1800 1697 1842; x_wconf 87' lang='lat' dir='ltr'>incomplexa</span> <span class='ocrx_word' id='word_1_362' title='bbox 1703 1799 1815 1834; x_wconf 70' lang='lat' dir='ltr'>obieffi</span> 
     </span>
     <span class='ocr_line' id='line_1_35' title="bbox 682 1844 1859 1889; baseline 0 -10"><span class='ocrx_word' id='word_1_363' title='bbox 682 1859 684 1879; x_wconf 95' lang='lat'>:</span> <span class='ocrx_word' id='word_1_364' title='bbox 714 1859 776 1882; x_wconf 90' lang='lat' dir='ltr'>non</span> <span class='ocrx_word' id='word_1_365' title='bbox 787 1859 893 1881; x_wconf 86' lang='lat' dir='ltr'>mouet</span> <span class='ocrx_word' id='word_1_366' title='bbox 900 1846 1081 1880; x_wconf 85' lang='lat' dir='ltr'>sufficienter</span> <span class='ocrx_word' id='word_1_367' title='bbox 1087 1845 1264 1889; x_wconf 78' lang='lat' dir='ltr'>quempiam</span> <span class='ocrx_word' id='word_1_368' title='bbox 1272 1845 1309 1878; x_wconf 88' lang='lat' dir='ltr'>ad</span> <span class='ocrx_word' id='word_1_369' title='bbox 1317 1844 1480 1888; x_wconf 85' lang='lat' dir='ltr'>agendum,</span> <span class='ocrx_word' id='word_1_370' title='bbox 1493 1855 1563 1887; x_wconf 89' lang='lat' dir='ltr'>puta</span> <span class='ocrx_word' id='word_1_371' title='bbox 1570 1844 1607 1877; x_wconf 87' lang='lat' dir='ltr'>ad</span> <span class='ocrx_word' id='word_1_372' title='bbox 1617 1845 1812 1888; x_wconf 81' lang='lat' dir='ltr'>loquendum,</span> <span class='ocrx_word' id='word_1_373' title='bbox 1825 1852 1859 1887; x_wconf 87' lang='lat' dir='ltr'>D</span> 
     </span>
     <span class='ocr_line' id='line_1_36' title="bbox 715 1888 1814 1935; baseline -0.002 -10"><span class='ocrx_word' id='word_1_374' title='bbox 715 1892 907 1931; x_wconf 87' lang='lat' dir='ltr'>currendum,</span> <span class='ocrx_word' id='word_1_375' title='bbox 914 1891 1134 1928; x_wconf 80' lang='lat' dir='ltr'>aedificiindum,</span> <span class='ocrx_word' id='word_1_376' title='bbox 1144 1897 1175 1924; x_wconf 72' lang='grc' dir='ltr'>δε</span> <span class='ocrx_word' id='word_1_377' title='bbox 1184 1889 1289 1923; x_wconf 86' lang='lat' dir='ltr'>fimilia</span> <span class='ocrx_word' id='word_1_378' title='bbox 1296 1888 1478 1928; x_wconf 85' lang='lat' dir='ltr'>faciendum,</span> <span class='ocrx_word' id='word_1_379' title='bbox 1487 1888 1534 1921; x_wconf 89' lang='lat' dir='ltr'>sed</span> <span class='ocrx_word' id='word_1_380' title='bbox 1543 1889 1619 1922; x_wconf 88' lang='lat' dir='ltr'>vltra</span> <span class='ocrx_word' id='word_1_381' title='bbox 1628 1890 1708 1923; x_wconf 87' lang='lat' dir='ltr'>illam</span> <span class='ocrx_word' id='word_1_382' title='bbox 1718 1893 1814 1935; x_wconf 87' lang='lat' dir='ltr'>requi-</span> 
     </span>
     <span class='ocr_line' id='line_1_37' title="bbox 716 1933 1816 1980; baseline -0.002 -9"><span class='ocrx_word' id='word_1_383' title='bbox 716 1950 788 1972; x_wconf 86' lang='lat' dir='ltr'>ritur</span> <span class='ocrx_word' id='word_1_384' title='bbox 797 1939 834 1972; x_wconf 92' lang='lat' dir='ltr'>de</span> <span class='ocrx_word' id='word_1_385' title='bbox 842 1940 1012 1971; x_wconf 85' lang='lat' dir='ltr'>necessitate</span> <span class='ocrx_word' id='word_1_386' title='bbox 1021 1938 1173 1975; x_wconf 65' lang='lat' dir='ltr'>voluntas,</span> <span class='ocrx_word' id='word_1_387' title='bbox 1189 1934 1260 1968; x_wconf 85' lang='lat' dir='ltr'>sicut</span> <span class='ocrx_word' id='word_1_388' title='bbox 1270 1937 1412 1968; x_wconf 68' lang='lat' dir='ltr'>octauum</span> <span class='ocrx_word' id='word_1_389' title='bbox 1420 1935 1508 1978; x_wconf 82' lang='lat' dir='ltr'>primi</span> <span class='ocrx_word' id='word_1_390' title='bbox 1515 1933 1654 1968; x_wconf 86' lang='lat' dir='ltr'>docebat.</span> <span class='ocrx_word' id='word_1_391' title='bbox 1669 1935 1742 1969; x_wconf 83' lang='lat' dir='ltr'>Item</span> <span class='ocrx_word' id='word_1_392' title='bbox 1751 1948 1816 1980; x_wconf 87' lang='lat' dir='ltr'>qui-</span> 
     </span>
     <span class='ocr_line' id='line_1_38' title="bbox 717 1979 1816 2025; baseline -0.002 -9"><span class='ocrx_word' id='word_1_393' title='bbox 717 1985 785 2018; x_wconf 86' lang='lat' dir='ltr'>dam</span> <span class='ocrx_word' id='word_1_394' title='bbox 802 1985 924 2018; x_wconf 69' lang='lat' dir='ltr'>effeetus</span> <span class='ocrx_word' id='word_1_395' title='bbox 933 1995 995 2016; x_wconf 89' lang='lat' dir='ltr'>non</span> <span class='ocrx_word' id='word_1_396' title='bbox 1006 1983 1178 2020; x_wconf 83' lang='lat' dir='ltr'>voluntarii,</span> <span class='ocrx_word' id='word_1_397' title='bbox 1193 1991 1276 2025; x_wconf 86' lang='lat' dir='ltr'>puta,</span> <span class='ocrx_word' id='word_1_398' title='bbox 1294 1980 1464 2018; x_wconf 65' lang='lat' dir='ltr'>delefflitio,</span> <span class='ocrx_word' id='word_1_399' title='bbox 1475 1979 1600 2020; x_wconf 84' lang='lat' dir='ltr'>tristitia,</span> <span class='ocrx_word' id='word_1_400' title='bbox 1615 1980 1816 2022; x_wconf 86' lang='lat' dir='ltr'>confidentia,</span> 
     </span>
     <span class='ocr_line' id='line_1_39' title="bbox 717 2024 1818 2071; baseline -0.003 -9"><span class='ocrx_word' id='word_1_401' title='bbox 717 2032 737 2062; x_wconf 85' lang='lat' dir='ltr'>ti</span> <span class='ocrx_word' id='word_1_402' title='bbox 742 2042 823 2069; x_wconf 88' lang='lat' dir='ltr'>mot,</span> <span class='ocrx_word' id='word_1_403' title='bbox 839 2030 982 2068; x_wconf 80' lang='lat' dir='ltr'>dilatatio,</span> <span class='ocrx_word' id='word_1_404' title='bbox 992 2029 1172 2063; x_wconf 73' lang='lat' dir='ltr'>constriftio,</span> <span class='ocrx_word' id='word_1_405' title='bbox 1182 2033 1212 2060; x_wconf 76' lang='grc' dir='ltr'>δε</span> <span class='ocrx_word' id='word_1_406' title='bbox 1221 2036 1332 2058; x_wconf 76' lang='lat' dir='ltr'>caeterae</span> <span class='ocrx_word' id='word_1_407' title='bbox 1341 2025 1491 2070; x_wconf 82' lang='lat' dir='ltr'>passiones</span> <span class='ocrx_word' id='word_1_408' title='bbox 1497 2024 1665 2059; x_wconf 87' lang='lat' dir='ltr'>huiusmodi</span> <span class='ocrx_word' id='word_1_409' title='bbox 1673 2037 1818 2071; x_wconf 84' lang='lat' dir='ltr'>corpora-</span> 
     </span>
     <span class='ocr_line' id='line_1_40' title="bbox 345 2069 1818 2118; baseline -0.006 -6"><span class='ocrx_word' id='word_1_410' title='bbox 345 2080 387 2112; x_wconf 86' lang='lat' dir='ltr'>les</span> <span class='ocrx_word' id='word_1_411' title='bbox 396 2092 457 2114; x_wconf 91' lang='lat' dir='ltr'>non</span> <span class='ocrx_word' id='word_1_412' title='bbox 467 2079 632 2118; x_wconf 78' lang='lat' dir='ltr'>causantur,</span> <span class='ocrx_word' id='word_1_413' title='bbox 647 2078 694 2111; x_wconf 90' lang='lat' dir='ltr'>vel</span> <span class='ocrx_word' id='word_1_414' title='bbox 703 2086 764 2109; x_wconf 92' lang='lat' dir='ltr'>non</span> <span class='ocrx_word' id='word_1_415' title='bbox 773 2077 801 2108; x_wconf 93' lang='lat' dir='ltr'>in</span> <span class='ocrx_word' id='word_1_416' title='bbox 813 2085 896 2108; x_wconf 79' lang='lat' dir='ltr'>tanto</span> <span class='ocrx_word' id='word_1_417' title='bbox 906 2074 1013 2118; x_wconf 86' lang='lat' dir='ltr'>gradu,</span> <span class='ocrx_word' id='word_1_418' title='bbox 1032 2074 1062 2108; x_wconf 82' lang='lat'>&amp;</span> <span class='ocrx_word' id='word_1_419' title='bbox 1079 2084 1137 2107; x_wconf 80' lang='lat' dir='ltr'>tarn</span> <span class='ocrx_word' id='word_1_420' title='bbox 1149 2071 1341 2104; x_wconf 88' lang='lat' dir='ltr'>vehementer</span> <span class='ocrx_word' id='word_1_421' title='bbox 1356 2070 1510 2104; x_wconf 84' lang='lat' dir='ltr'>causantur</span> <span class='ocrx_word' id='word_1_422' title='bbox 1525 2071 1542 2102; x_wconf 74' lang='grc' dir='ltr'>ὲ</span> <span class='ocrx_word' id='word_1_423' title='bbox 1558 2069 1619 2103; x_wconf 88' lang='lat' dir='ltr'>sola</span> <span class='ocrx_word' id='word_1_424' title='bbox 1628 2071 1818 2115; x_wconf 86' lang='lat' dir='ltr'>incomplexa</span> 
     </span>
     <span class='ocr_line' id='line_1_41' title="bbox 346 2116 1817 2169; baseline -0.006 -11"><span class='ocrx_word' id='word_1_425' title='bbox 346 2128 522 2169; x_wconf 77' lang='lat' dir='ltr'>cognitione</span> <span class='ocrx_word' id='word_1_426' title='bbox 532 2125 654 2161; x_wconf 73' lang='lat' dir='ltr'>obiesti,</span> <span class='ocrx_word' id='word_1_427' title='bbox 671 2122 728 2156; x_wconf 87' lang='lat' dir='ltr'>siue</span> <span class='ocrx_word' id='word_1_428' title='bbox 736 2122 931 2154; x_wconf 83' lang='lat' dir='ltr'>aestimatione</span> <span class='ocrx_word' id='word_1_429' title='bbox 938 2131 988 2153; x_wconf 81' lang='lat' dir='ltr'>aut</span> <span class='ocrx_word' id='word_1_430' title='bbox 996 2120 1143 2163; x_wconf 88' lang='lat' dir='ltr'>opinione</span> <span class='ocrx_word' id='word_1_431' title='bbox 1150 2116 1234 2161; x_wconf 76' lang='lat' dir='ltr'>quod</span> <span class='ocrx_word' id='word_1_432' title='bbox 1241 2117 1316 2150; x_wconf 86' lang='lat' dir='ltr'>illud</span> <span class='ocrx_word' id='word_1_433' title='bbox 1323 2118 1439 2149; x_wconf 88' lang='lat' dir='ltr'>eueniet</span> <span class='ocrx_word' id='word_1_434' title='bbox 1447 2116 1652 2158; x_wconf 86' lang='lat' dir='ltr'>cognoscenti,</span> <span class='ocrx_word' id='word_1_435' title='bbox 1669 2122 1700 2148; x_wconf 74' lang='grc'>8(</span> <span class='ocrx_word' id='word_1_436' title='bbox 1709 2117 1769 2150; x_wconf 89' lang='lat' dir='ltr'>hoc</span> <span class='ocrx_word' id='word_1_437' title='bbox 1777 2117 1817 2149; x_wconf 87' lang='lat' dir='ltr'>de</span> 
     </span>
     <span class='ocr_line' id='line_1_42' title="bbox 347 2161 1818 2215; baseline -0.005 -11"><span class='ocrx_word' id='word_1_438' title='bbox 347 2173 533 2215; x_wconf 87' lang='lat' dir='ltr'>propinquo.</span> <span class='ocrx_word' id='word_1_439' title='bbox 565 2172 687 2203; x_wconf 82' lang='lat' dir='ltr'>Omnes</span> <span class='ocrx_word' id='word_1_440' title='bbox 698 2169 777 2200; x_wconf 90' lang='lat' dir='ltr'>enim</span> <span class='ocrx_word' id='word_1_441' title='bbox 787 2168 906 2205; x_wconf 88' lang='lat' dir='ltr'>scimus,</span> <span class='ocrx_word' id='word_1_442' title='bbox 914 2165 998 2210; x_wconf 74' lang='lat' dir='ltr'>quod</span> <span class='ocrx_word' id='word_1_443' title='bbox 1008 2162 1234 2202; x_wconf 81' lang='lat' dir='ltr'>moriemur‚sed</span> <span class='ocrx_word' id='word_1_444' title='bbox 1243 2174 1306 2194; x_wconf 92' lang='lat' dir='ltr'>non</span> <span class='ocrx_word' id='word_1_445' title='bbox 1318 2162 1447 2194; x_wconf 86' lang='lat' dir='ltr'>multum</span> <span class='ocrx_word' id='word_1_446' title='bbox 1457 2161 1596 2193; x_wconf 84' lang='lat' dir='ltr'>dolemus</span> <span class='ocrx_word' id='word_1_447' title='bbox 1605 2164 1818 2201; x_wconf 62' lang='lat' dir='ltr'>autumemus,</span> 
     </span>
     <span class='ocr_line' id='line_1_43' title="bbox 349 2206 1817 2261; baseline -0.008 -12"><span class='ocrx_word' id='word_1_448' title='bbox 349 2219 419 2261; x_wconf 84' lang='lat' dir='ltr'>quia</span> <span class='ocrx_word' id='word_1_449' title='bbox 429 2228 489 2248; x_wconf 93' lang='lat' dir='ltr'>non</span> <span class='ocrx_word' id='word_1_450' title='bbox 498 2218 659 2256; x_wconf 73' lang='lat' dir='ltr'>opinamur</span> <span class='ocrx_word' id='word_1_451' title='bbox 667 2215 749 2258; x_wconf 90' lang='lat' dir='ltr'>quod</span> <span class='ocrx_word' id='word_1_452' title='bbox 759 2212 854 2245; x_wconf 86' lang='lat' dir='ltr'>statim</span> <span class='ocrx_word' id='word_1_453' title='bbox 864 2224 872 2244; x_wconf 93' lang='lat'><strong>:</strong></span> <span class='ocrx_word' id='word_1_454' title='bbox 882 2211 944 2243; x_wconf 80' lang='lat' dir='ltr'>haec</span> <span class='ocrx_word' id='word_1_455' title='bbox 954 2213 1034 2244; x_wconf 89' lang='lat' dir='ltr'>enim</span> <span class='ocrx_word' id='word_1_456' title='bbox 1044 2209 1150 2253; x_wconf 79' lang='lat' dir='ltr'>singuli</span> <span class='ocrx_word' id='word_1_457' title='bbox 1158 2206 1312 2252; x_wconf 78' lang='lat' dir='ltr'>possumus</span> <span class='ocrx_word' id='word_1_458' title='bbox 1320 2207 1566 2251; x_wconf 84' lang='lat' dir='ltr'>experiri.Quare</span> <span class='ocrx_word' id='word_1_459' title='bbox 1575 2207 1606 2241; x_wconf 75' lang='grc' dir='ltr'>ὃ(</span> <span class='ocrx_word' id='word_1_460' title='bbox 1614 2206 1817 2253; x_wconf 78' lang='lat' dir='ltr'>Philosophus</span> 
     </span>
     <span class='ocr_line' id='line_1_44' title="bbox 351 2251 1818 2304; baseline -0.005 -10"><span class='ocrx_word' id='word_1_461' title='bbox 351 2273 381 2294; x_wconf 86' lang='lat'>2.</span> <span class='ocrx_word' id='word_1_462' title='bbox 389 2262 426 2294; x_wconf 89' lang='lat' dir='ltr'>de</span> <span class='ocrx_word' id='word_1_463' title='bbox 440 2262 460 2291; x_wconf 63' lang='grc' dir='ltr'>Α</span> <span class='ocrx_word' id='word_1_464' title='bbox 468 2273 547 2294; x_wconf 81' lang='lat' dir='ltr'>nima</span> <span class='ocrx_word' id='word_1_465' title='bbox 559 2271 568 2292; x_wconf 90' lang='grc' dir='ltr'><strong><em>ι</em></strong></span> <span class='ocrx_word' id='word_1_466' title='bbox 583 2271 625 2302; x_wconf 71' lang='lat'>›2·</span> <span class='ocrx_word' id='word_1_467' title='bbox 636 2259 743 2304; x_wconf 85' lang='lat' dir='ltr'>probat</span> <span class='ocrx_word' id='word_1_468' title='bbox 753 2255 951 2301; x_wconf 78' lang='lat' dir='ltr'>phantasiam,</span> <span class='ocrx_word' id='word_1_469' title='bbox 965 2258 1012 2289; x_wconf 86' lang='lat' dir='ltr'>scu</span> <span class='ocrx_word' id='word_1_470' title='bbox 1020 2255 1266 2299; x_wconf 84' lang='lat' dir='ltr'>imaginationem</span> <span class='ocrx_word' id='word_1_471' title='bbox 1276 2265 1336 2286; x_wconf 89' lang='lat' dir='ltr'>non</span> <span class='ocrx_word' id='word_1_472' title='bbox 1347 2253 1599 2296; x_wconf 81' lang='lat' dir='ltr'>effeopinionem,</span> <span class='ocrx_word' id='word_1_473' title='bbox 1611 2262 1662 2295; x_wconf 85' lang='lat' dir='ltr'>per</span> <span class='ocrx_word' id='word_1_474' title='bbox 1670 2251 1818 2296; x_wconf 79' lang='lat' dir='ltr'>hoc,quia</span> 
     </span>
     <span class='ocr_line' id='line_1_45' title="bbox 349 2297 1819 2350; baseline -0.007 -10"><span class='ocrx_word' id='word_1_475' title='bbox 349 2308 419 2340; x_wconf 73' lang='lat' dir='ltr'>ciim</span> <span class='ocrx_word' id='word_1_476' title='bbox 428 2318 586 2350; x_wconf 82' lang='lat' dir='ltr'>opinamur</span> <span class='ocrx_word' id='word_1_477' title='bbox 594 2304 720 2338; x_wconf 87' lang='lat' dir='ltr'>terribile</span> <span class='ocrx_word' id='word_1_478' title='bbox 727 2301 838 2346; x_wconf 82' lang='lat' dir='ltr'>aliquid</span> <span class='ocrx_word' id='word_1_479' title='bbox 847 2301 934 2335; x_wconf 85' lang='lat' dir='ltr'>nobis</span> <span class='ocrx_word' id='word_1_480' title='bbox 943 2300 1089 2340; x_wconf 84' lang='lat' dir='ltr'>accidere,</span> <span class='ocrx_word' id='word_1_481' title='bbox 1098 2300 1192 2333; x_wconf 87' lang='lat' dir='ltr'>statim</span> <span class='ocrx_word' id='word_1_482' title='bbox 1202 2299 1422 2342; x_wconf 85' lang='lat' dir='ltr'>compatimut;</span> <span class='ocrx_word' id='word_1_483' title='bbox 1431 2297 1498 2330; x_wconf 76' lang='lat' dir='ltr'>cum</span> <span class='ocrx_word' id='word_1_484' title='bbox 1505 2308 1608 2330; x_wconf 84' lang='lat' dir='ltr'>autem</span> <span class='ocrx_word' id='word_1_485' title='bbox 1617 2299 1819 2341; x_wconf 83' lang='lat' dir='ltr'>imaginamur</span> 
     </span>
     <span class='ocr_line' id='line_1_46' title="bbox 349 2342 1818 2395; baseline -0.007 -9"><span class='ocrx_word' id='word_1_486' title='bbox 349 2354 480 2388; x_wconf 74' lang='lat' dir='ltr'>tantum,</span> <span class='ocrx_word' id='word_1_487' title='bbox 490 2362 699 2395; x_wconf 75' lang='lat' dir='ltr'>nequaquam3</span> <span class='ocrx_word' id='word_1_488' title='bbox 718 2348 788 2381; x_wconf 84' lang='lat' dir='ltr'>sicut</span> <span class='ocrx_word' id='word_1_489' title='bbox 799 2347 817 2380; x_wconf 90' lang='lat' dir='ltr'>si</span> <span class='ocrx_word' id='word_1_490' title='bbox 826 2347 1048 2380; x_wconf 83' lang='lat' dir='ltr'>confideremus</span> <span class='ocrx_word' id='word_1_491' title='bbox 1057 2344 1196 2379; x_wconf 86' lang='lat' dir='ltr'>terribilia</span> <span class='ocrx_word' id='word_1_492' title='bbox 1207 2355 1236 2377; x_wconf 93' lang='lat' dir='ltr'>in</span> <span class='ocrx_word' id='word_1_493' title='bbox 1245 2346 1369 2387; x_wconf 56' lang='lat' dir='ltr'>pitituta.</span> <span class='ocrx_word' id='word_1_494' title='bbox 1393 2344 1442 2375; x_wconf 91' lang='lat' dir='ltr'>De</span> <span class='ocrx_word' id='word_1_495' title='bbox 1458 2342 1565 2376; x_wconf 84' lang='lat' dir='ltr'>talibus</span> <span class='ocrx_word' id='word_1_496' title='bbox 1582 2353 1655 2386; x_wconf 87' lang='lat' dir='ltr'>ergo</span> <span class='ocrx_word' id='word_1_497' title='bbox 1663 2343 1818 2377; x_wconf 67' lang='lat' dir='ltr'>effectibus</span> 
     </span>
     <span class='ocr_line' id='line_1_47' title="bbox 349 2387 1818 2439; baseline -0.006 -8"><span class='ocrx_word' id='word_1_498' title='bbox 349 2401 401 2431; x_wconf 84' lang='lat' dir='ltr'>ista</span> <span class='ocrx_word' id='word_1_499' title='bbox 411 2397 563 2439; x_wconf 76' lang='lat' dir='ltr'>responsio</span> <span class='ocrx_word' id='word_1_500' title='bbox 574 2408 634 2428; x_wconf 90' lang='lat' dir='ltr'>non</span> <span class='ocrx_word' id='word_1_501' title='bbox 643 2394 814 2439; x_wconf 84' lang='lat' dir='ltr'>respondet.</span> <span class='ocrx_word' id='word_1_502' title='bbox 834 2394 909 2425; x_wconf 86' lang='lat' dir='ltr'>Item</span> <span class='ocrx_word' id='word_1_503' title='bbox 919 2390 1211 2436; x_wconf 68' lang='lat' dir='ltr'>ponaturobieaum</span> <span class='ocrx_word' id='word_1_504' title='bbox 1220 2391 1317 2421; x_wconf 89' lang='lat' dir='ltr'>visum</span> <span class='ocrx_word' id='word_1_505' title='bbox 1325 2392 1354 2421; x_wconf 90' lang='lat' dir='ltr'>in</span> <span class='ocrx_word' id='word_1_506' title='bbox 1365 2387 1466 2426; x_wconf 81' lang='lat' dir='ltr'>verbo,</span> <span class='ocrx_word' id='word_1_507' title='bbox 1483 2388 1691 2422; x_wconf 66' lang='lat' dir='ltr'>vnuseffestus</span> <span class='ocrx_word' id='word_1_508' title='bbox 1699 2392 1818 2422; x_wconf 87' lang='lat' dir='ltr'>contin-</span> 
     </span>
     <span class='ocr_line' id='line_1_48' title="bbox 351 2432 1856 2487; baseline -0.006 -12"><span class='ocrx_word' id='word_1_509' title='bbox 351 2455 453 2487; x_wconf 86' lang='lat' dir='ltr'>genter</span> <span class='ocrx_word' id='word_1_510' title='bbox 462 2444 590 2479; x_wconf 76' lang='lat' dir='ltr'>iuturus,</span> <span class='ocrx_word' id='word_1_511' title='bbox 606 2452 677 2486; x_wconf 86' lang='lat' dir='ltr'>puta</span> <span class='ocrx_word' id='word_1_512' title='bbox 685 2440 805 2474; x_wconf 86' lang='lat' dir='ltr'>saliiatio</span> <span class='ocrx_word' id='word_1_513' title='bbox 814 2439 861 2471; x_wconf 90' lang='lat' dir='ltr'>vel</span> <span class='ocrx_word' id='word_1_514' title='bbox 875 2439 1030 2471; x_wconf 86' lang='lat' dir='ltr'>damnatio</span> <span class='ocrx_word' id='word_1_515' title='bbox 1046 2437 1083 2470; x_wconf 85' lang='lat' dir='ltr'>fic</span> <span class='ocrx_word' id='word_1_516' title='bbox 1098 2436 1237 2472; x_wconf 84' lang='lat' dir='ltr'>videntis,</span> <span class='ocrx_word' id='word_1_517' title='bbox 1254 2435 1301 2468; x_wconf 89' lang='lat' dir='ltr'>vcl</span> <span class='ocrx_word' id='word_1_518' title='bbox 1314 2435 1434 2468; x_wconf 86' lang='lat' dir='ltr'>alterius</span> <span class='ocrx_word' id='word_1_519' title='bbox 1441 2435 1499 2466; x_wconf 84' lang='lat' dir='ltr'>cari</span> <span class='ocrx_word' id='word_1_520' title='bbox 1509 2432 1565 2473; x_wconf 90' lang='lat' dir='ltr'>sui,</span> <span class='ocrx_word' id='word_1_521' title='bbox 1579 2444 1647 2467; x_wconf 88' lang='lat' dir='ltr'>tunc</span> <span class='ocrx_word' id='word_1_522' title='bbox 1657 2434 1728 2467; x_wconf 90' lang='lat' dir='ltr'>illud</span> <span class='ocrx_word' id='word_1_523' title='bbox 1738 2435 1819 2467; x_wconf 89' lang='lat' dir='ltr'>obie-</span> <span class='ocrx_word' id='word_1_524' title='bbox 1830 2444 1856 2477; x_wconf 76' lang='lat' dir='ltr'>E</span> 
     </span>
     <span class='ocr_line' id='line_1_49' title="bbox 349 2478 1820 2532; baseline -0.006 -10"><span class='ocrx_word' id='word_1_525' title='bbox 349 2492 433 2522; x_wconf 71' lang='lat' dir='ltr'>stum</span> <span class='ocrx_word' id='word_1_526' title='bbox 443 2489 537 2532; x_wconf 86' lang='lat' dir='ltr'>potest</span> <span class='ocrx_word' id='word_1_527' title='bbox 548 2498 609 2519; x_wconf 92' lang='lat' dir='ltr'>non</span> <span class='ocrx_word' id='word_1_528' title='bbox 619 2488 676 2519; x_wconf 74' lang='lat' dir='ltr'>eise</span> <span class='ocrx_word' id='word_1_529' title='bbox 687 2488 717 2520; x_wconf 69' lang='grc' dir='ltr'>ἃ</span> <span class='ocrx_word' id='word_1_530' title='bbox 725 2495 879 2527; x_wconf 88' lang='lat' dir='ltr'>nunquam</span> <span class='ocrx_word' id='word_1_531' title='bbox 888 2482 969 2516; x_wconf 73' lang='lat' dir='ltr'>fuisse</span> <span class='ocrx_word' id='word_1_532' title='bbox 977 2483 1082 2522; x_wconf 83' lang='lat' dir='ltr'>visum,</span> <span class='ocrx_word' id='word_1_533' title='bbox 1092 2493 1162 2526; x_wconf 86' lang='lat' dir='ltr'>quia</span> <span class='ocrx_word' id='word_1_534' title='bbox 1169 2492 1223 2514; x_wconf 91' lang='lat' dir='ltr'>nec</span> <span class='ocrx_word' id='word_1_535' title='bbox 1230 2481 1379 2513; x_wconf 86' lang='lat' dir='ltr'>ostensum</span> <span class='ocrx_word' id='word_1_536' title='bbox 1387 2482 1417 2511; x_wconf 89' lang='lat' dir='ltr'>in</span> <span class='ocrx_word' id='word_1_537' title='bbox 1427 2478 1537 2514; x_wconf 76' lang='lat' dir='ltr'>verb03</span> <span class='ocrx_word' id='word_1_538' title='bbox 1547 2490 1620 2522; x_wconf 87' lang='lat' dir='ltr'>ergo</span> <span class='ocrx_word' id='word_1_539' title='bbox 1627 2478 1750 2524; x_wconf 87' lang='lat' dir='ltr'>quilibet</span> <span class='ocrx_word' id='word_1_540' title='bbox 1758 2481 1820 2513; x_wconf 75' lang='lat' dir='ltr'>cius</span> 
     </span>
     <span class='ocr_line' id='line_1_50' title="bbox 352 2523 1821 2577; baseline -0.005 -11"><span class='ocrx_word' id='word_1_541' title='bbox 352 2535 474 2568; x_wconf 74' lang='lat' dir='ltr'>effestus</span> <span class='ocrx_word' id='word_1_542' title='bbox 484 2536 610 2577; x_wconf 68' lang='lat' dir='ltr'>praesens</span> <span class='ocrx_word' id='word_1_543' title='bbox 619 2532 666 2565; x_wconf 93' lang='lat' dir='ltr'>vel</span> <span class='ocrx_word' id='word_1_544' title='bbox 675 2540 837 2574; x_wconf 76' lang='lat' dir='ltr'>praeteritus</span> <span class='ocrx_word' id='word_1_545' title='bbox 848 2529 942 2573; x_wconf 87' lang='lat' dir='ltr'>potest</span> <span class='ocrx_word' id='word_1_546' title='bbox 952 2539 1008 2572; x_wconf 86' lang='lat' dir='ltr'>pro</span> <span class='ocrx_word' id='word_1_547' title='bbox 1016 2540 1095 2561; x_wconf 89' lang='lat' dir='ltr'>nunc</span> <span class='ocrx_word' id='word_1_548' title='bbox 1105 2539 1168 2559; x_wconf 90' lang='lat' dir='ltr'>non</span> <span class='ocrx_word' id='word_1_549' title='bbox 1183 2527 1241 2559; x_wconf 84' lang='lat' dir='ltr'>esse</span> <span class='ocrx_word' id='word_1_550' title='bbox 1257 2523 1383 2569; x_wconf 69' lang='lat' dir='ltr'>praesens</span> <span class='ocrx_word' id='word_1_551' title='bbox 1397 2536 1452 2558; x_wconf 91' lang='lat' dir='ltr'>nec</span> <span class='ocrx_word' id='word_1_552' title='bbox 1460 2524 1542 2557; x_wconf 82' lang='lat' dir='ltr'>fuiffe</span> <span class='ocrx_word' id='word_1_553' title='bbox 1550 2527 1714 2568; x_wconf 78' lang='lat' dir='ltr'>ptaetcri&#39;tus</span> <span class='ocrx_word' id='word_1_554' title='bbox 1722 2525 1821 2559; x_wconf 87' lang='lat' dir='ltr'>conse-</span> 
     </span>
     <span class='ocr_line' id='line_1_51' title="bbox 353 2569 1821 2624; baseline -0.007 -13"><span class='ocrx_word' id='word_1_555' title='bbox 353 2590 486 2624; x_wconf 68' lang='lat' dir='ltr'>quenter.</span> <span class='ocrx_word' id='word_1_556' title='bbox 511 2579 569 2611; x_wconf 88' lang='lat' dir='ltr'>Vel</span> <span class='ocrx_word' id='word_1_557' title='bbox 576 2578 664 2610; x_wconf 79' lang='lat' dir='ltr'>ctiam</span> <span class='ocrx_word' id='word_1_558' title='bbox 674 2574 883 2621; x_wconf 89' lang='lat' dir='ltr'>ponatutillud</span> <span class='ocrx_word' id='word_1_559' title='bbox 892 2576 1047 2607; x_wconf 65' lang='lat' dir='ltr'>obici-stum</span> <span class='ocrx_word' id='word_1_560' title='bbox 1057 2571 1150 2606; x_wconf 90' lang='lat' dir='ltr'>visum</span> <span class='ocrx_word' id='word_1_561' title='bbox 1160 2572 1190 2605; x_wconf 87' lang='lat' dir='ltr'>in</span> <span class='ocrx_word' id='word_1_562' title='bbox 1197 2569 1301 2607; x_wconf 85' lang='lat' dir='ltr'>verbo,</span> <span class='ocrx_word' id='word_1_563' title='bbox 1311 2582 1369 2604; x_wconf 84' lang='lat' dir='ltr'>vna</span> <span class='ocrx_word' id='word_1_564' title='bbox 1378 2571 1518 2603; x_wconf 83' lang='lat' dir='ltr'>reuelatio</span> <span class='ocrx_word' id='word_1_565' title='bbox 1526 2571 1556 2602; x_wconf 92' lang='lat' dir='ltr'>in</span> <span class='ocrx_word' id='word_1_566' title='bbox 1566 2569 1658 2603; x_wconf 83' lang='lat' dir='ltr'>verbo</span> <span class='ocrx_word' id='word_1_567' title='bbox 1671 2570 1710 2602; x_wconf 92' lang='lat' dir='ltr'>de</span> <span class='ocrx_word' id='word_1_568' title='bbox 1718 2571 1821 2615; x_wconf 88' lang='lat' dir='ltr'>aliquo</span> 
     </span>
     <span class='ocr_line' id='line_1_52' title="bbox 352 2613 1821 2667; baseline -0.005 -10"><span class='ocrx_word' id='word_1_569' title='bbox 352 2626 561 2667; x_wconf 74' lang='lat' dir='ltr'>contingenter</span> <span class='ocrx_word' id='word_1_570' title='bbox 571 2626 670 2655; x_wconf 77' lang='lat' dir='ltr'>iuturo</span> <span class='ocrx_word' id='word_1_571' title='bbox 680 2621 842 2657; x_wconf 76' lang='lat' dir='ltr'>3reuelctiir</span> <span class='ocrx_word' id='word_1_572' title='bbox 852 2619 993 2663; x_wconf 77' lang='lat' dir='ltr'>fiquidem</span> <span class='ocrx_word' id='word_1_573' title='bbox 1003 2619 1126 2654; x_wconf 89' lang='lat' dir='ltr'>Danieli</span> <span class='ocrx_word' id='word_1_574' title='bbox 1134 2621 1166 2652; x_wconf 90' lang='lat' dir='ltr'>in</span> <span class='ocrx_word' id='word_1_575' title='bbox 1173 2616 1440 2658; x_wconf 84' lang='lat' dir='ltr'>vetbo‚1etemiain</span> <span class='ocrx_word' id='word_1_576' title='bbox 1449 2615 1551 2649; x_wconf 83' lang='lat' dir='ltr'>videre</span> <span class='ocrx_word' id='word_1_577' title='bbox 1560 2615 1606 2650; x_wconf 87' lang='lat' dir='ltr'>vel</span> <span class='ocrx_word' id='word_1_578' title='bbox 1614 2613 1749 2650; x_wconf 81' lang='lat' dir='ltr'>vidiisein</span> <span class='ocrx_word' id='word_1_579' title='bbox 1758 2626 1821 2649; x_wconf 90' lang='lat' dir='ltr'>vet-</span> 
     </span>
     <span class='ocr_line' id='line_1_53' title="bbox 355 2665 965 2710; baseline -0.007 -7"><span class='ocrx_word' id='word_1_580' title='bbox 355 2669 397 2703; x_wconf 91' lang='lat' dir='ltr'>bo</span> <span class='ocrx_word' id='word_1_581' title='bbox 407 2671 446 2702; x_wconf 90' lang='lat' dir='ltr'>A.</span> <span class='ocrx_word' id='word_1_582' title='bbox 454 2669 629 2703; x_wconf 77' lang='lat' dir='ltr'>crastinadie</span> <span class='ocrx_word' id='word_1_583' title='bbox 638 2669 714 2707; x_wconf 78' lang='lat' dir='ltr'>fore,</span> <span class='ocrx_word' id='word_1_584' title='bbox 723 2667 782 2702; x_wconf 70' lang='grc' dir='ltr'>ἃς.</span> <span class='ocrx_word' id='word_1_585' title='bbox 793 2665 865 2699; x_wconf 84' lang='lat' dir='ltr'>ficut</span> <span class='ocrx_word' id='word_1_586' title='bbox 874 2669 965 2710; x_wconf 73' lang='lat' dir='ltr'>prius-</span> 
     </span>
    </p>
   </div>
   <div class='ocr_carea' id='block_1_10' title="bbox 348 1721 696 2065">
    <p class='ocr_par' dir='ltr' id='par_1_10' title="bbox 348 1721 696 2065">
     <span class='ocr_line' id='line_1_54' title="bbox 348 1721 696 2065; baseline 0 1065"><span class='ocrx_word' id='word_1_587' title='bbox 348 1721 696 2065; x_wconf 95' lang='lat' dir='ltr'> </span> 
     </span>
    </p>
   </div>
   <div class='ocr_carea' id='block_1_11' title="bbox 1626 2772 1821 2825">
    <p class='ocr_par' dir='ltr' id='par_1_11' title="bbox 1626 2772 1821 2825">
     <span class='ocr_line' id='line_1_55' title="bbox 1626 2772 1821 2825; baseline -0.01 0"><span class='ocrx_word' id='word_1_588' title='bbox 1626 2772 1821 2825; x_wconf 85' lang='lat' dir='ltr'>CAP.</span> 
     </span>
    </p>
   </div>
  </div>
 </body>
</html>
