1985 3130
199 149 291 210 578
789 138 958 190 ‘Thomae
971 137 1262 189 Bradwardini
1689 139 1732 188 L
1743 157 1758 188 1
1770 160 1794 187 n
1802 155 1858 192 .2.

793 269 845 321 C
891 273 939 321 A
981 273 1034 322 P.
1106 271 1153 320 X
1172 271 1220 320 X
1244 269 1310 322 X.
1830 240 1862 273 A

395 376 521 449 Qod
527 382 568 427 in
579 378 683 427 omni
698 377 846 424 ablione
854 376 1047 422 communi
1055 373 1301 422 voluntatum
1314 376 1496 424 increatae
1506 383 1565 430 &⁵
1572 390 1728 437 creatae‚
1740 379 1804 426 ina

448 463 583 498 creata
596 460 769 496 creatam
781 443 1010 493 naturaliter
1023 442 1229 493 antecedit,

571 573 574 583 .
621 568 624 571 μ
680 547 815 581 Estrueta
823 546 969 591 liquidem
978 547 1074 591 prima
1083 557 1165 589 parte
1174 545 1331 579 diuifionis
1340 546 1595 591 pamma-,quare
1603 547 1809 583 &constructa

697 593 825 626 secunda
836 616 845 630 ‚
858 593 897 626 de
911 594 994 626 tertia
1004 592 1219 634 inquirendum
1232 606 1241 627 ε
1263 591 1498 636 Superbissimus
1513 604 1643 637 namque
1658 593 1809 638 Pelagius,

621 653 657 682 ·‘·÷.
699 642 769 684 quia
776 637 934 681 superbior
945 636 1088 670 Lucifero
1095 663 1104 676 ,
1111 650 1163 683 qui
1174 639 1245 672 Deo
1253 639 1349 671 voluit
1356 640 1517 683 coaequari‚
1526 638 1696 683 compulsus
1705 650 1738 673 vt
1746 640 1808 673 De-

699 697 749 718 um
759 684 976 717 coeffessorem
987 683 1192 718 humanorum
1202 687 1324 717 astutum
1333 684 1672 728 fitteretunpriontatem
1681 692 1711 719 δι
1723 688 1808 729 (upe-

642 732 661 746 ‘·‘
698 731 866 764 rioritatem
876 729 928 762 sibi
938 729 1078 763 vendicat
1093 729 1176 774 super
1187 731 1299 770 Deum,
1314 736 1343 763 &
1353 740 1383 760 in
1395 731 1515 764 :ustione
1529 734 1688 764 communi
1704 730 1808 764 homi·

610 818 615 821 Ἰ
674 810 677 816 ,
700 787 770 810 nem
779 776 910 820 priorem
920 775 1091 808 naturaliter
1099 783 1128 809 δι
1142 775 1322 819 superiorein
1333 775 1487 809 constituit
1495 801 1504 815 ‚
1518 777 1618 809 Deum
1630 787 1702 809 vero
1711 779 1808 821 poste-

619 824 631 836 *
699 824 809 855 riorem
821 822 994 855 naturaliter
1010 821 1041 854 ὃ(
1057 815 1239 858 subiectum,
1268 826 1298 856 δι
1313 822 1501 855 voluntatem
1516 820 1682 855 humanam
1696 823 1809 856 diuinae

700 866 824 911 praeficit
834 868 995 902 voluntati,
1006 865 1079 900 ficut
1087 869 1117 900 in
1127 870 1251 900 tractatu
1262 870 1347 911 primi
1357 866 1394 899 de
1403 869 1497 909 gratia
1506 868 1691 911 tangebatur.
1718 868 1810 902 Vnde

702 912 863 947 &humilis
871 913 1056 957 Augustinus
1066 912 1103 943 de
1121 912 1379 958 praedestinatione
1390 911 1560 947 [merorum
1577 913 1614 947 ad
1630 913 1810 959 prosperum

140 949 297 989 Augushmu.
322 965 353 992 δε
365 957 515 991 Hilarium
535 966 563 996 3.
572 955 722 991 dcsttusto
731 970 783 1001 per
791 959 959 992 testimonia
969 958 1055 991 sacrae
1066 959 1226 999 Scriptura:
1236 970 1336 991 errore
1348 958 1456 1002 Pelagii
1467 958 1633 992 affirmante
1642 958 1748 996 fidem,
1758 959 1810 992 sci-

320 1006 389 1038 licet
400 1006 500 1036 astum
511 1002 579 1036 fidei
589 1001 645 1035 esse
661 1002 752 1036 nobis
761 1015 796 1036 ex
815 1004 901 1037 nobis
913 1005 1130 1038 tantummodo
1141 1005 1200 1038 fine
1209 1004 1293 1040 Deo,
1304 1002 1452 1048 subiungit
1461 1018 1472 1042 3
1481 1004 1601 1037 Nolens
1609 1015 1683 1048 ergo
1694 1005 1741 1037 his
1749 1016 1808 1039 tam

320 1049 591 1086 claristessimonijs
601 1057 817 1093 repugnare,&
828 1060 927 1083 tamen
937 1050 1045 1082 volens
1056 1051 1072 1082 ὲ
1084 1050 1176 1094 seipso
1187 1048 1238 1081 fibi
1247 1049 1302 1083 effi-
1312 1049 1396 1093 quod
1412 1049 1505 1083 credit
1515 1074 1524 1086 ,
1544 1049 1629 1094 quast
1649 1052 1810 1095 componit

320 1095 419 1128 homo
428 1106 496 1127 cum
505 1095 626 1133 Deo,vt
639 1106 753 1137 partem
763 1095 835 1128 fidei
844 1094 895 1128 sibi
906 1096 1055 1135 vendicet,
1073 1107 1163 1140 atque
1172 1096 1212 1128 illi
1221 1106 1333 1139 partem
1344 1095 1503 1139 relinquar,
1513 1102 1543 1129 &
1553 1095 1636 1140 quod
1646 1096 1684 1127 cst
1695 1096 1812 1135 elatius,

320 1143 450 1186 primam
460 1140 538 1173 tollit
548 1139 621 1185 ipse,
630 1140 801 1185 sequentem
811 1141 861 1174 dat
870 1142 921 1181 illi,
930 1141 960 1174 ὅ(
970 1142 1000 1172 in
1010 1152 1048 1172 eo
1058 1142 1141 1185 quod
1149 1141 1221 1175 dicit
1229 1139 1286 1174 esse
1298 1140 1469 1180 amborum,
1478 1152 1610 1185 priorem
1618 1142 1644 1174 se
1653 1141 1734 1179 facit,
1757 1154 1811 1186 po·

320 1189 471 1220 steriorem
479 1187 593 1219 Deum.
618 1186 702 1220 Idem
711 1187 748 1220 de
761 1185 921 1220 haeresibus
934 1188 985 1219 88.
1004 1187 1042 1218 sic
1060 1190 1099 1220 ait
1114 1198 1123 1221 ;
1140 1189 1282 1230 Denique
1296 1186 1434 1231 Pelagius
1450 1188 1466 1219 a
1481 1185 1618 1219 fratribus
1631 1189 1812 1232 increpatus,

321 1233 406 1277 quod
417 1233 489 1265 nihil
498 1230 792 1266 tribueritadiutorio
802 1235 901 1275 gratiae
913 1233 971 1265 Dei
980 1232 1017 1265 ad
1025 1236 1087 1266 cius
1096 1232 1238 1266 mandata
1249 1231 1395 1269 factenda,
1410 1233 1590 1266 correctioni
1598 1243 1703 1264 eorum
1714 1235 1812 1266 haite-

320 1277 483 1315 nuscessit‚
493 1288 524 1309 vt
535 1288 596 1309 non
606 1288 671 1310 carn
681 1278 776 1311 libero
787 1278 910 1311 arbitrio
922 1289 1119 1321 praeponerct,
1135 1278 1182 1311 sed
1192 1277 1302 1321 infideli
1313 1279 1475 1312 calliditate
1484 1277 1676 1321 supponeret.
1692 1279 1809 1312 Verum
1826 1275 1857 1308 C

324 1327 392 1368 quis
402 1321 632 1367 Pntlosophicus
643 1326 672 1356 in
682 1327 803 1357 afflone
812 1336 863 1357 aut
872 1327 1010 1357 motione
1018 1326 1175 1356 communi
1193 1326 1346 1367 agentium
1357 1335 1406 1356 aut
1422 1326 1612 1356 mouentium
1627 1325 1715 1367 primi
1725 1336 1811 1358 natu-

322 1371 422 1402 raliter
431 1375 460 1404 gt
470 1368 602 1404 lecuudi.
613 1369 776 1402 secundum
788 1371 956 1403 naturaliter
966 1371 1065 1414 primo
1076 1370 1247 1403 naturaliter
1263 1370 1414 1402 contrario
1430 1369 1536 1403 ordine
1549 1370 1719 1403 naturaliter
1731 1381 1813 1404 ante-

322 1426 414 1460 ponat
426 1422 434 1445 ὲ
448 1416 483 1448 Et
493 1417 556 1459 quis
568 1414 802 1459 Philosopbicus
810 1415 928 1449 dubitat
937 1417 1038 1448 Deum
1051 1418 1189 1449 omnium
1201 1416 1298 1448 secum
1307 1415 1460 1459 agentium
1471 1425 1520 1448 aut
1528 1416 1720 1448 mouentium
1730 1427 1812 1449 natu-

322 1462 421 1495 raliter
428 1459 484 1493 esse
493 1472 637 1504 primum,
652 1463 784 1495 maxime
793 1473 863 1493 cum
873 1463 889 1494 a
899 1459 1092 1505 Philolophis
1103 1472 1229 1495 vocetur
1239 1461 1443 1494 communiter
1451 1462 1546 1504 prima
1561 1459 1646 1493 causa
1655 1486 1665 1501 ‚
1680 1464 1812 1505 primum

322 1518 415 1551 agens
426 1505 635 1543 fiueefficiens,
644 1518 775 1550 primum
783 1518 911 1540 mouens
919 1506 968 1539 stu
978 1518 1066 1540 etiam
1082 1509 1197 1550 primus
1206 1518 1308 1541 motor
1317 1530 1326 1545 ‚
1346 1506 1420 1538 ficut
1437 1505 1608 1539 vicesimum
1625 1506 1714 1540 huius
1723 1518 1781 1541 tam
1794 1512 1811 1540 a

322 1551 515 1596 philosophis
523 1553 617 1596 quam
628 1552 645 1584 a
660 1552 832 1595 Theologis
842 1555 993 1586 recitauit?
1004 1555 1083 1597 Qis
1093 1557 1173 1586 enim
1182 1552 1393 1596 Theologicus
1401 1576 1408 1589 ,
1423 1563 1472 1585 aut
1480 1550 1648 1585 catholicus
1659 1577 1668 1591 ,
1691 1552 1756 1586 ἰπιὸ
1764 1553 1811 1586 vel

321 1598 490 1637 haereticus,
498 1597 701 1631 schismaticus
711 1609 761 1632 aut
778 1599 922 1643 Paganus
937 1598 1047 1632 audeat
1062 1599 1091 1632 le
1099 1610 1274 1643 praeponere
1284 1600 1354 1631 Deo
1361 1596 1415 1630 suo
1423 1621 1432 1634 ,
1455 1598 1552 1632 dicere
1561 1592 1686 1642 seipsum
1697 1599 1812 1631 Domi-

322 1656 396 1678 num
406 1646 435 1676 in
444 1644 579 1687 agendo,
586 1645 689 1678 Deum
698 1656 797 1678 autem
806 1644 892 1677 suum
903 1644 1029 1682 seruum,
1038 1643 1164 1687 seipsum
1176 1645 1369 1689 iupersprem,
1376 1645 1477 1677 Deum
1489 1641 1675 1681 inferiorem,
1685 1643 1812 1687 stipium

321 1690 518 1723 archiiectum
529 1689 559 1724 &
569 1691 764 1734 principalem
775 1690 1041 1729 artificem,Deum
1050 1690 1125 1724 vero
1135 1689 1377 1726 subseruientem‚
1391 1695 1422 1723 δι
1431 1691 1514 1722 [uum
1525 1689 1759 1734 quodammodo
1768 1692 1812 1722 in-

320 1738 531 1775 strumentum,
539 1734 664 1779 seipsum
674 1736 846 1772 ducentem,
858 1739 1021 1780 Deumque
1029 1736 1169 1775 dustum,
1177 1734 1257 1770 suam
1266 1736 1456 1769 voluntatem
1465 1737 1593 1778 primam
1605 1759 1613 1772 ,
1624 1735 1755 1768 diuinam
1765 1748 1812 1769 au-

321 1792 383 1814 tem
393 1780 611 1825 pediffequam,
622 1782 704 1814 suam
713 1783 903 1815 voluntatem
915 1782 1090 1821 dominam,
1102 1782 1233 1815 diuinam
1242 1782 1392 1817 ancillam,
1401 1779 1483 1812 suam
1493 1783 1726 1825 praecipientem,
1735 1781 1812 1814 diui-

320 1838 391 1860 nam
402 1825 635 1870 obscquentcm‚
645 1829 727 1860 suam
738 1826 917 1861 trahentem·
926 1828 1058 1862 diuinam
1070 1830 1204 1864 trat‘lam,
1222 1826 1302 1860 fitam
1310 1827 1480 1870 praesestam
1492 1851 1501 1864 ‚
1517 1826 1651 1859 diuinam
1661 1827 1735 1860 ver&
1743 1826 1810 1859 sub·
1826 1829 1858 1862 D

321 1875 440 1908 iestam,
452 1883 519 1905 curu
530 1872 589 1905 hoc
601 1871 633 1905 fit
642 1884 748 1906 contra
756 1875 887 1918 primam
896 1873 1133 1919 suppositionem
1142 1875 1230 1917 primi
1240 1872 1360 1916 capituli
1369 1873 1459 1916 primi
1469 1872 1612 1916 libri,quae
1621 1872 1658 1904 ab
1667 1872 1811 1906 omnibus

345 1918 564 1962 ualemcunque
575 1920 674 1951 Deum
684 1918 854 1952 colentibus
861 1922 900 1952 cst
910 1918 1046 1956 admissa,
1063 1931 1130 1952 cnm
1142 1918 1240 1951 nullus
1248 1922 1368 1961 ignorat
1387 1918 1467 1952 aliud
1475 1916 1531 1952 effe
1548 1917 1710 1961 perfectius
1718 1920 1810 1963 quam

320 1929 355 1995 lit
364 1963 451 2001 istud,
460 1963 545 2006 quod
556 1960 723 1998 &secunda
732 1963 896 2008 suppositio
906 1977 940 1997 ac
955 1976 1039 1998 tertia
1055 1977 1120 2009 pars
1131 1965 1282 2002 corollarii
1294 1965 1381 2006 primi
1390 1964 1503 1997 docent
1514 1971 1522 1995 ἒ
1535 1964 1620 1998 Licet
1630 1975 1727 1997 autem
1739 1965 1811 1998 nulli

320 2009 353 2041 sit
364 2008 579 2042 rationabiliter
587 2008 721 2046 dubium,
738 2010 822 2053 quod
832 2009 939 2044 scilicet
947 2012 1030 2044 Deus
1040 2022 1217 2047 creaturam,
1225 2017 1255 2043 δι
1264 2010 1405 2042 voluntas
1418 2009 1517 2043 diuina
1526 2009 1690 2043 humanam
1700 2012 1729 2043 in
1740 2022 1811 2054 qua-

321 2054 392 2087 libet
403 2055 524 2087 afflone
534 2056 574 2088 eis
581 2058 735 2088 communi
747 2056 895 2100 praecedat
906 2058 1081 2090 naturaliter
1090 2058 1120 2090 in
1130 2055 1250 2100 agendo
1260 2069 1270 2096 3
1279 2066 1474 2088 veruntamen
1484 2067 1608 2099 propter
1616 2056 1747 2100 aliquos,
1758 2058 1811 2100 qui

321 2099 444 2132 forsitan
455 2100 635 2144 trepidarent
651 2102 762 2134 timore
779 2101 828 2134 vbi
848 2114 910 2134 non
924 2103 963 2134 est
975 2103 1085 2139 timor,
1109 2102 1183 2134 istud
1202 2099 1352 2146 aliquibus
1361 2100 1504 2134 breuibus
1512 2101 1675 2135 certificare
1683 2101 1807 2134 curabo.

322 2145 419 2177 Porro
431 2146 548 2178 volutio
557 2146 658 2179 diuina
668 2158 727 2191 qua
735 2147 798 2180 vult
808 2148 997 2181 voluntatem
1006 2159 1136 2181 creatam
1153 2147 1324 2192 producere
1333 2146 1415 2180 suum
1424 2149 1525 2180 astum
1537 2170 1545 2184 ,
1563 2149 1594 2182 ὅ(
1610 2148 1690 2180 illam
1698 2148 1812 2190 produ-

323 2202 388 2223 cere
395 2189 479 2223 suum
496 2193 597 2224 astum
615 2190 780 2225 secundum
789 2192 900 2226 essendi
915 2194 1411 2239 consequentiam,conuertuntur:
1436 2193 1518 2225 Nam
1528 2192 1773 2238 quandocunque
1782 2207 1812 2227 v-

322 2247 396 2269 num
408 2238 528 2269 istorum
538 2238 588 2272 est,
596 2237 635 2269 est
643 2237 673 2273 ἃ
685 2238 846 2283 reliquum,
856 2240 885 2273 ὅ(
896 2240 1038 2277 econtra,
1054 2250 1086 2273 vt
1094 2250 1173 2283 patet
1185 2251 1237 2282 per
1246 2238 1417 2272 vicesimum
1428 2238 1589 2277 sccund·,&
1599 2250 1651 2283 Per
1658 2239 1811 2274 decimum

322 2283 425 2325 primi,
436 2281 523 2315 &illa
535 2283 651 2316 volutio
659 2283 761 2317 diuina
771 2286 811 2317 est
819 2286 903 2317 causa
912 2285 1041 2323 alterius,
1058 2286 1129 2329 quia
1136 2286 1220 2317 causa
1230 2284 1364 2318 efficiens
1376 2310 1383 2321 ,
1397 2295 1429 2317 vt
1437 2294 1517 2328 patet
1527 2296 1578 2326 per
1586 2296 1700 2318 nonum
1709 2288 1812 2329 primi,

326 2329 356 2362 ὅ(
368 2326 544 2360 vicelimum
555 2326 819 2373 secunditergoilla
830 2330 869 2362 est
880 2329 1204 2373 priornatura‚dicente
1213 2329 1400 2374 Philosopho
1410 2333 1438 2362 in
1450 2330 1700 2373 praedicamentis,
1709 2330 1757 2363 vbi
1766 2331 1810 2364 di-

322 2373 436 2406 ssinstis
446 2385 574 2415 quatuor
582 2374 682 2406 modis
693 2377 813 2416 prioris,
821 2376 960 2419 adiungit
971 2376 1052 2408 hunc
1061 2379 1198 2421 quintum
1211 2387 1219 2410 ·,
1228 2386 1337 2409 eornm
1347 2388 1413 2421 quae
1421 2387 1640 2409 conuertuntur
1649 2377 1808 2410 secundum
1835 2379 1859 2411 E

322 2416 448 2454 essentia·
459 2420 704 2461 consequentiam
715 2421 799 2463 quod
807 2422 926 2454 alterius
937 2420 1171 2465 quomodolibet
1180 2421 1263 2455 caufii
1276 2422 1420 2465 ess,d1gnc³
1429 2423 1508 2465 prius
1519 2433 1623 2455 natura
1633 2422 1749 2455 dicitur.
1782 2423 1808 2456 Ι·

324 2475 384 2496 tcm
395 2463 478 2496 aliter
489 2465 628 2498 voluntas
638 2464 771 2498 humana
781 2464 850 2498 effet
867 2466 989 2499 liberior
1000 2479 1090 2510 quam
1104 2468 1205 2500 diuina
1224 2482 1232 2499 :
1251 2467 1313 2500 haec
1327 2479 1456 2510 namque
1465 2465 1536 2499 sicut
1553 2468 1677 2500 domina
1693 2469 1807 2512 semper

324 2509 515 2551 praecederet,
526 2510 573 2543 illa
583 2521 612 2541 Vt
623 2510 789 2555 pediffcqua
801 2510 978 2555 sequeretur:
991 2512 1054 2545 haec
1064 2513 1101 2546 de
1109 2513 1252 2546 omnibus
1264 2511 1316 2544 sibi
1327 2512 1516 2555 possibilibus
1525 2513 1615 2546 libere
1625 2513 1808 2557 ptaecligeret

324 2556 419 2587 facere
429 2555 489 2587 hoc
501 2555 545 2587 vel
556 2555 640 2592 illud,
651 2556 697 2589 illa
709 2558 872 2590 necessario
885 2557 1066 2591 consentiret
1076 2571 1084 2591 t
1093 2557 1156 2591 haec
1165 2571 1215 2603 pcr
1224 2569 1328 2591 omnia
1337 2569 1450 2601 regeret
1462 2583 1469 2595 .
1494 2558 1541 2591 illa
1552 2570 1604 2603 per
1613 2559 1716 2591 omnia
1726 2569 1808 2602 rege·

325 2612 416 2633 retur.
454 2603 528 2634 Item
540 2601 624 2633 ahter
632 2602 773 2635 voluntas
782 2602 917 2635 humana
933 2604 1119 2637 necessitaret
1129 2599 1261 2637 diuinam
1270 2603 1307 2636 ad
1318 2605 1481 2646 agendum,
1495 2605 1576 2647 quod
1588 2604 1707 2636 videtur'
1718 2604 1806 2637 liber·

325 2649 375 2678 tati
386 2646 547 2679 voluntatis
557 2646 667 2678 dininae
678 2649 802 2681 nimium
813 2648 970 2692 derogare,
979 2655 1008 2684 δι
1018 2651 1112 2692 ipsam
1122 2649 1263 2687 subiicere
1271 2651 1369 2681 nimia:
1378 2649 1517 2682 seruituti:
1531 2651 1613 2683 Nam
1622 2650 1746 2693 quando
1755 2661 1807 2682 vo-

325 2691 425 2723 luntas
435 2691 565 2724 litimana
575 2691 665 2725 efficit
674 2692 757 2725 suum
767 2696 878 2731 astum,
888 2696 959 2727 'llud
968 2695 1176 2728 efficereillum
1185 2698 1283 2729 astum
1295 2705 1366 2727 tunc
1375 2696 1413 2727 est
1424 2720 1432 2732 ‚
1459 2696 1488 2730 ὃ(
1499 2706 1633 2738 protunc
1645 2693 1758 2728 neccsse
1768 2697 1806 2730 est

326 2739 422 2777 ipsum
432 2736 497 2771 effe.
523 2738 776 2771 N.1mtecundnm
788 2739 1010 2783 Philosophum
1023 2751 1092 2772 tat—'02
1111 2741 1281 2773 hermenias
1290 2741 1342 2772 vlt.
1351 2738 1406 2773 esse
1417 2741 1499 2783 quod
1510 2742 1560 2779 est,
1568 2740 1688 2784 quando
1698 2741 1805 2778 estme-

327 2782 399 2814 cessc
410 2785 464 2815 cst.
478 2795 550 2824 ergo
562 2795 614 2825 per
625 2783 797 2817 viccfimum
808 2786 926 2818 secundi
937 2797 1074 2827 protunc
1085 2784 1197 2819 neccsse
1205 2787 1244 2819 est
1260 2787 1358 2818 Deum
1370 2785 1504 2819 volendo
1514 2786 1669 2819 coctficere
1687 2786 1769 2819 illum
1778 2799 1806 2818 a·

324 2830 420 2864 ctum,
431 2832 460 2862 &
469 2829 518 2862 illa
527 2827 679 2862 necessitas
690 2829 796 2862 accidit
807 2831 956 2865 voluntati
966 2831 1075 2866 diuinae
1084 2843 1117 2864 ex
1135 2833 1256 2865 afflone
1264 2831 1428 2865 voluntatis
1444 2832 1581 2865 humanae
1590 2857 1598 2870 ,
1615 2842 1758 2877 tanquam
1768 2843 1805 2864 cx

1720 2880 1806 2913 causa
