1985 3130
115 162 163 213 C
176 183 204 212 a
221 182 261 212 P.
275 179 354 225 27.
815 161 891 209 De
911 161 1031 226 Causa
1049 161 1152 211 Det.
1703 182 1767 231 7¹¹

115 257 147 290 A
177 257 298 291 Omnia
307 267 372 301 quae
381 255 478 290 fatalis
485 258 546 301 agit
552 259 643 295 ratio,
658 256 719 289 fine
727 254 820 288 dubio
827 265 866 286 ex
872 254 1043 290 necessitate
1050 257 1233 300 contingunt
1243 269 1250 288 ε
1262 257 1346 302 quod
1355 258 1386 293 ὅ(
1394 258 1458 292 vult
1468 258 1655 293 Ammonius
1671 264 1820 294 Ammnisa.

172 303 262 348 {uper
270 302 401 336 eundem
409 304 522 340 locum,
530 301 601 336 sicut
610 312 621 335 i
628 313 661 336 0.
672 302 760 335 buius
767 301 864 334 suerat
872 302 1032 346 allegatum
1038 325 1046 334 .
1069 301 1214 346 Iosephus
1221 304 1309 336 etiam
1316 313 1349 345 7.
1357 303 1396 337 de
1403 304 1527 338 Iudaico
1536 304 1616 340 bello
1623 305 1653 340 8.
1671 303 1790 342 bsepbus.

173 349 342 386 Homines,
350 350 460 395 inquit,
471 350 566 382 saturn
575 351 667 381 vitai-e
676 358 737 381 non
747 345 879 392 possunt,
886 346 999 381 etiamsi
1008 347 1210 391 proeuiderint.
1238 348 1329 383 Vnde
1336 349 1367 383 &
1375 348 1482 388 Poeta,

525 395 622 435 Desine
626 393 688 435 fau
696 391 1122 437 Deunfledisperaereprecaendo.
1667 404 1751 432 Poeta.

173 437 338 472 Hocidem
346 438 436 482 plane
443 439 765 473 testanturautoritates
773 441 935 482 Augustini
947 449 974 482 5.
982 438 1020 472 de
1030 440 1125 473 Ciuit.
1133 440 1192 472 Dei
1200 450 1233 477 9.
1243 444 1274 473 &
1284 437 1389 473 Isidori
1399 439 1586 485 8.Ethi·c.45.
1601 453 1650 476 ex·
1667 440 1826 480 Augustinus.

172 495 321 529 ponentes
329 485 403 518 illud
413 486 519 518 Psalmi
529 491 581 519 61.
598 485 698 518 Semel
706 484 848 530 loquutus
859 485 899 517 est
905 484 1002 521 Deus,
1021 485 1110 524 idest,
1119 485 1326 525 immobiliter,
1341 484 1404 518 hoc
1411 488 1465 526 est,
1480 488 1652 521 incommn-
1668 481 1774 515 lfidorus.

173 529 454 574 tabiliterloquutus
465 531 516 568 est,
530 530 601 565 licut
609 532 695 563 nouit
703 529 992 563 incommutabiliter
1006 531 1110 564 omnia
1127 542 1192 575 quae
1200 530 1298 564 futura
1311 532 1388 567 sunt.
1403 536 1504 576 &quae
1518 532 1652 567 facturus

172 575 229 616 est,
247 574 318 609 sicut
328 578 368 608 28
376 600 383 607 .
392 578 479 619 primi
487 577 605 621 plenius
612 578 755 610 recitauit.
770 576 855 608 Idem
873 575 909 608 de
926 576 1024 620 spiritu
1039 577 1070 612 ἃ
1082 576 1166 611 litera
1175 588 1188 608 2
1197 588 1229 616 9.
1239 577 1387 621 Scriptum
1398 578 1452 618 est,
1468 580 1579 622 inquit,
1596 579 1651 612 Se·
1669 589 1826 628 Augustinus.

172 621 387 666 melioquutus
395 622 435 653 est
441 624 537 661 Deus,
551 622 612 655 hoc
619 624 672 659 est,
685 620 984 660 incommutabiliter,
994 633 1163 666 quanquam
1171 625 1203 658 ὅ(
1211 622 1249 655 de
1258 633 1348 655 vnico
1358 623 1453 656 verbo
1462 625 1555 667 poisit
1562 625 1651 658 intel·

173 666 236 712 ligi.
247 668 373 701 Boetius
381 679 508 713 quoque
514 679 548 711 4.
557 669 594 702 de
603 669 813 702 consolatione
822 666 1026 711 Philosophia:
1036 668 1122 712 prosa
1131 672 1158 701 6.
1168 670 1209 701 fic
1215 670 1256 701 ait
1266 669 1362 708 3Haec
1373 669 1423 703 fati
1432 669 1519 702 series
1527 670 1574 703 seu
1583 681 1652 714 pro-
1666 677 1771 704 Boetius.

174 712 320 753 uidentia‚
334 716 416 747 aetus
424 713 616 758 fortunalique
625 712 789 747 hominum
798 712 1154 746 indiffolubilicauiarum
1165 724 1356 747 connexione
1370 716 1543 759 constringit
1559 730 1570 755 3
1584 727 1652 761 quae

115 756 141 789 B
173 759 265 792 causae
274 758 345 792 cum
353 758 391 791 ab
399 758 565 793 immobilis
581 759 779 804 prouidentiae
787 758 1014 804 proficiscantur
1027 759 1172 797 exordiis,
1187 759 1263 804 ipsas
1271 762 1372 793 causas
1381 772 1503 805 quoque
1511 766 1653 795 immuta-

171 804 247 839 biles
256 804 313 838 effe
321 806 434 839 neceffe
444 806 494 839 est.
514 805 562 838 Ita
572 808 653 838 enim
661 816 706 838 res
714 806 831 850 optime
840 816 996 850 geruntur,
1006 804 1025 837 si
1036 816 1160 837 manens
1168 808 1198 838 in
1207 805 1307 839 diuina
1315 817 1419 839 mente
1426 805 1596 849 simplicitas
1606 810 1651 840 in-

172 849 380 885 declinabilem
387 850 541 885 causarum
551 851 689 885 ordinem
699 860 822 895 promat
839 863 846 882 :
862 851 912 883 hic
922 850 996 884 vero
1002 862 1047 884 res
1056 850 1212 884 mutabiles
1220 853 1339 895 propria
1349 854 1652 886 incommutabilitate

171 907 318 932 coerceat.
341 897 379 929 Et
386 896 476 937 infra,
490 900 572 931 Deus
581 897 695 931 malum
703 908 798 930 omne
807 896 845 929 de
859 896 1029 941 reipublicae
1040 899 1096 929 sua:
1106 898 1242 930 terminis
1248 909 1301 942 per
1316 899 1410 932 fatalis
1419 897 1519 932 seriem
1529 900 1652 932 necessi-

173 942 243 975 tatis
252 942 398 976 eliminat.
422 944 566 988 Amplius
574 953 674 977 autem
683 944 714 977 ὃ(
723 943 855 975 Hermes
861 953 944 986 pater
955 941 1213 986 Philosophorum
1220 942 1258 976 de
1268 942 1361 976 verbo
1370 955 1482 976 aeterno
1491 955 1530 987 43
1539 946 1652 977 ,Asele—
1669 941 1780 970 Hermes.

171 990 226 1033 pio
234 990 377 1033 quaerenti
387 988 424 1022 de
431 989 618 1022 heimarmene
626 990 666 1022 ita
673 987 881 1032 respondet,0
891 988 1059 1033 Asclepi,ea
1068 989 1107 1021 est
1116 988 1273 1022 necessitas
1282 991 1422 1022 omnium
1433 1002 1498 1032 quae
1508 1001 1652 1034 geruntur
1668 998 1761 1025 εμεφιῆῐ·

172 1031 292 1078 semper
299 1033 352 1067 fibi
360 1036 502 1069 catenatis
510 1034 636 1069 nexibus
644 1036 754 1068 iunsta:
764 1034 908 1078 hocitaq;
916 1035 956 1067 est
964 1044 1014 1067 aut
1023 1033 1152 1068 effesttix
1160 1036 1226 1067 reri'i
1236 1047 1286 1068 aui
1295 1037 1380 1069 Deus
1391 1036 1591 1076 summus‚aut
1600 1035 1653 1069 sub

171 1076 240 1124 ipso
247 1080 318 1112 Deo
326 1080 535 1124 quisecundus
541 1080 664 1115 effectus
675 1081 716 1113 est
731 1083 829 1119 Deus,
845 1091 897 1113 aut
912 1081 1051 1113 omnium
1065 1081 1233 1114 coelestium
1243 1091 1485 1126 terrenarumque
1494 1093 1591 1115 rerum
1602 1082 1654 1115 fir-

173 1135 255 1158 mata
264 1124 373 1158 diuinis
382 1126 496 1171 legibus
505 1125 574 1160 disci
578 1126 668 1170 plina.
687 1127 758 1159 Hoc
765 1127 866 1169 itaque
873 1125 970 1158 modo
979 1126 1194 1167 heimarmene,
1204 1130 1235 1158 δι
1246 1126 1399 1160 necessitas
1408 1127 1505 1160 ambre
1514 1127 1566 1160 fibi
1574 1130 1653 1161 inui-

172 1182 237 1204 cem
245 1172 276 1204 in
285 1170 390 1205 diuino
399 1183 542 1206 connexae
552 1170 617 1205 sunt
627 1173 745 1216 glutino
761 1186 772 1211 3
788 1183 914 1216 quarum
923 1174 1015 1215 prior,
1029 1172 1248 1209 heimatmene,
1256 1182 1354 1205 terum
1363 1177 1503 1207 omnium
1511 1174 1594 1207 initia
1602 1185 1653 1216 pa—

173 1219 225 1255 rit,
234 1215 389 1251 necessitas
398 1218 473 1251 vero
482 1220 564 1262 cogit
573 1217 610 1251 ad
618 1216 758 1251 effestum
769 1228 834 1261 quae
845 1227 881 1249 ex
889 1217 947 1251 illis
956 1217 1129 1261 primordiis
1140 1218 1272 1262 pendent
1283 1218 1350 1251 :has¹
1360 1218 1438 1251 ordo
1448 1216 1652 1263 consequitur,

173 1261 205 1296 id
211 1262 261 1299 est.
276 1272 386 1301 teXtuS,
401 1264 431 1299 ὅ(
440 1262 596 1308 dispositio
604 1267 750 1308 temporis
766 1270 796 1297 ac
810 1274 910 1296 rerum
927 1262 1189 1307 perficiendarum.
1211 1263 1300 1296 Nihil
1316 1266 1395 1296 enim
1412 1266 1452 1298 est
1467 1263 1529 1297 sine
1536 1264 1653 1298 ordinis

118 1302 150 1336 C
173 1307 413 1352 compofitione,
424 1310 471 1342 vel
478 1313 508 1343 in
516 1308 658 1343 omnibus
667 1308 800 1342 mundus
808 1309 915 1342 ordine
925 1308 1066 1352 gestatur,
1076 1309 1121 1341 vel
1131 1311 1335 1343 tetusconstat
1344 1321 1380 1341 ex
1389 1310 1507 1343 ordine.
1525 1309 1601 1343 Haec
1609 1322 1653 1344 er-

223 1356 291 1393 tri'a,
307 1353 524 1392 heimarmene,
534 1354 698 1391 necessitas,
706 1354 798 1391 ordo,
808 1355 854 1387 vel
864 1356 995 1388 maxime
1004 1364 1078 1388 nutu
1088 1356 1147 1388 Dei
1156 1354 1346 1395 sumeffesta,
1363 1367 1432 1401 quae
1440 1356 1590 1389 mundum
1599 1367 1654 1399 gu-

197 1409 301 1432 eruant
310 1400 359 1433 sua
366 1399 443 1444 lege,
455 1400 486 1435 ὃ(
501 1405 618 1435 ratione
627 1400 729 1433 diuina
747 1413 755 1433 ε
772 1401 811 1432 ab
819 1400 866 1434 his
876 1412 950 1444 ergo
957 1411 1051 1433 omne
1059 1400 1135 1434 velle
1143 1411 1194 1434 aut
1203 1400 1285 1434 nolle
1295 1400 1438 1434 diuinitus
1446 1400 1604 1434 aduersum
1614 1403 1654 1435 est

172 1455 282 1480 totum.
308 1445 382 1478 Haec
390 1447 433 1479 ira
441 1458 504 1480 non
514 1457 760 1483 commouentur,
775 1458 830 1480 nec
846 1447 1006 1481 flectuntur
1043 1449 1131 1485 tatia,
1148 1446 1196 1481 sed
1213 1446 1344 1480 seruiunt
1360 1448 1523 1481 necessitati
1530 1449 1657 1481 rationis

173 1501 291 1524 aeternae
299 1502 308 1525 ς
316 1503 381 1535 quae
390 1495 536 1526 aeternitas
544 1491 966 1531 inaueriibilis,immobilis,sc
977 1458 1141 1526 insigilnbilis
1147 1492 1300 1526 est.Prima
1309 1503 1383 1537 ergo
1389 1491 1594 1526 heimarmene
1602 1493 1657 1533 est,

174 1548 240 1581 quae
248 1537 329 1572 ἰαᾶο
337 1538 416 1570 velut
426 1539 536 1573 semine
545 1538 715 1572 futurorum
725 1541 865 1571 omnium
875 1536 983 1572 sufficit
992 1538 1108 1582 prolem
1122 1553 1133 1578 ;
1150 1537 1280 1583 sequitur
1288 1537 1454 1576 necessitas,
1471 1549 1529 1582 qua
1537 1538 1576 1571 ad
1585 1536 1658 1573 effe-

174 1586 257 1617 &iim
267 1585 451 1627 incoguntur
461 1588 564 1618 omnia
575 1586 692 1623 3tertius
700 1584 779 1617 ordo
789 1596 905 1618 textum
916 1587 1033 1618 seruans
1042 1586 1183 1618 omnium
1192 1595 1380 1629 retum,quas
1390 1584 1597 1619 heimarmene
1607 1596 1658 1617 ne-

174 1626 351 1672 cessitasque
359 1627 533 1674 disponunt.
556 1632 618 1675 Qi
627 1637 657 1664 &
666 1632 713 1663 De
721 1631 841 1663 mundo
851 1637 881 1665 εξ
891 1631 973 1664 coelo
986 1641 996 1663 i
1006 1656 1012 1663 .
1023 1641 1116 1674 agens
1123 1629 1161 1662 de
1169 1631 1267 1674 prima
1274 1629 1368 1669 causa,
1383 1634 1509 1666 ratione,
1519 1630 1550 1666 &
1558 1641 1658 1664 mente
1674 1630 1785 1659 Hermes.

174 1673 287 1710 diuina.
298 1675 336 1707 fic
343 1677 382 1708 ait
392 1687 400 1709 ;
412 1676 531 1710 Cuncta
542 1687 616 1719 regit
624 1679 654 1711 ἁ
662 1687 822 1721 componit
831 1693 839 1709 z
850 1677 1118 1721 illiciungunturin
1130 1678 1222 1719 specie
1230 1678 1260 1708 in
1271 1675 1448 1709 indiuiduali
1457 1676 1658 1719 singularitate

175 1718 351 1763 conscripta,
368 1722 511 1766 quicquid
522 1718 592 1765 hylc',
606 1722 748 1765 quicquid
767 1723 909 1759 mundus,
921 1722 1064 1766 quicquid
1080 1722 1185 1754 mundi
1202 1721 1355 1760 machina,
1369 1723 1515 1766 quicquid
1525 1733 1656 1766 tempus,
1674 1734 1707 1755 ei·

175 1766 317 1809 quicquid
327 1778 356 1798 in
366 1767 582 1809 temporalibus
592 1771 759 1812 parturiunt
772 1769 923 1802 elementa
940 1782 947 1800 :
962 1769 1022 1801 illic
1038 1779 1135 1801 textus
1150 1770 1251 1811 operis
1261 1768 1356 1800 fatalis
1368 1770 1465 1807 series,
1483 1767 1657 1800 saeculorum

119 1840 152 1875 D
175 1809 340 1854 dispositio,
356 1813 568 1856 temporalium
578 1816 717 1847 omnium
729 1825 809 1848 meta
817 1815 923 1847 summi
933 1813 1029 1858 digito
1040 1812 1224 1858 dispositoris
1233 1823 1361 1852 exarata,
1375 1813 1433 1845 illic
1442 1814 1541 1846 nodus
1551 1824 1658 1856 perpe-

176 1858 295 1890 tuitatis.
321 1859 426 1901 Qeni
436 1858 467 1893 ὅ(
476 1860 538 1891 eius
547 1858 625 1893 filius
633 1860 806 1893 Aristoteles
820 1861 954 1893 imitatus
968 1863 999 1892 in
1015 1861 1064 1892 De
1079 1859 1197 1892 mundo
1211 1860 1265 1891 vlt.
1281 1858 1441 1893 ostendens
1456 1870 1547 1904 quare
1564 1859 1658 1895 Deus,

176 1901 245 1935 cum
256 1901 290 1936 sit
297 1915 386 1943 vnus,
399 1904 440 1937 est
455 1905 678 1942 multinomius,
693 1904 905 1949 declaratisque
919 1906 1022 1939 multis
1037 1907 1099 1938 eius
1114 1904 1289 1937 nominibus
1304 1915 1374 1936 cum
1394 1906 1447 1937 suis
1464 1904 1569 1943 causis,
1586 1901 1657 1936 ficut

175 1950 297 1981 tertium
313 1951 402 1995 primi
411 1949 530 1993 allegat,
546 1947 670 1994 assignat
686 1950 806 1984 caustim
820 1950 934 1984 horum
949 1961 1079 1996 quatuor
1094 1951 1257 1982 nominum
1273 1949 1458 1986 diuinorum.
1477 1949 1658 1985 Necessitas.

175 1993 405 2032 Heimarmene.
416 1995 723 2035 Nemesis‚Adrassia.
741 1997 905 2030 Sciendum
915 2007 1047 2041 namque
1056 1994 1219 2028 stcundum
1229 1994 1454 2028 Damascenum
1464 1999 1492 2028 in
1505 1995 1656 2032 sententiis
1675 2006 1840 2040 Damascenus

173 2038 233 2073 suis
243 2051 297 2081 39.
305 2041 392 2085 quod
400 2041 481 2085 apud
490 2043 615 2076 Gtaecos
623 2047 653 2073 6.
662 2040 775 2075 famosa
784 2044 929 2087 principia
937 2040 1249 2087 ponebantur‚scilicet
1258 2042 1483 2078 Deus.nrcessit
1490 2053 1518 2072 as
1533 2040 1658 2073 heimar-

175 2096 278 2123 mene.
295 2087 380 2132 quod
394 2088 561 2120 secundum
571 2099 641 2120 eum
650 2089 858 2132 interpretatur
873 2089 1005 2126 fortuna,
1022 2097 1139 2125 natura,
1154 2098 1290 2125 euentus,
1305 2088 1336 2122 ὅ(
1344 2090 1390 2118 cai
1395 2099 1440 2119 us.
1466 2089 1550 2120 Dicit
1567 2087 1656 2129 igitur

175 2130 381 2175 Philolophus
389 2132 440 2166 vbi
449 2135 541 2177 ptius,
556 2135 640 2167 Reor
653 2144 754 2166 autem
763 2138 793 2169 &
801 2134 1003 2167 necessitatem
1012 2131 1086 2164 nihil
1097 2132 1177 2165 aliud
1185 2132 1253 2169 dici¹
1266 2131 1319 2165 nisi
1331 2132 1403 2171 hoc,
1418 2132 1496 2176 quasi
1507 2132 1656 2175 insupera-
1674 2131 1834 2171 Phalofhphm.

174 2176 266 2211 bilem
277 2177 468 2213 fiibstantiam
478 2193 488 2218 3
497 2178 722 2213 heimarmenen
733 2178 951 2222 vero,eoquod
961 2178 1120 2223 copulat&
1129 2177 1272 2222 disiungit
1288 2189 1296 2211 3
1317 2179 1462 2210 Nemi-fin
1472 2179 1488 2210 ἐι
1498 2176 1658 2210 distributi·

176 2235 238 2257 one
247 2225 408 2270 vnicuique
417 2225 512 2260 fact-²⁶.
531 2225 699 2258 Adrastiam
708 2225 784 2258 vero
794 2223 995 2258 ineuitabilem
1006 2225 1123 2257 causam
1132 2235 1243 2256 entem.
1270 2223 1372 2258 Vbi&
1381 2236 1439 2256 con
1445 2225 1600 2267 sequenter
1609 2234 1659 2255 ex-

175 2281 295 2313 ponens
304 2273 358 2304 tria
366 2272 472 2304 statuta
481 2270 591 2310 fatalia,
602 2271 709 2304 scilicet
717 2272 855 2312 Atropos
865 2271 1011 2314 praeteriti.
1022 2268 1162 2303 Lachesis
1172 2268 1272 2306 futuri,
1281 2270 1311 2303 ἃ
1321 2270 1338 2299 (
1353 2270 1438 2301 lorho
1448 2280 1504 2312 prtt
1510 2267 1611 2306 sentis,
1621 2266 1658 2300 fic

180 2317 222 2348 ait
236 2331 247 2356 ς
263 2316 527 2350 Perficiturautem
536 2315 635 2349 fabula
652 2328 715 2348 non
730 2315 899 2349 inordinate
913 2327 922 2350 3
938 2315 1112 2349 suntautcm
1122 2314 1185 2347 haec
1193 2317 1297 2347 omnia
1307 2313 1382 2346 nihil
1398 2315 1477 2347 aliud
1494 2312 1545 2347 nisi
1560 2315 1660 2352 Deus,

177 2361 439 2406 quemadmodum
452 2363 481 2398 ὃ(
489 2363 622 2395 strenuus
630 2364 668 2395 ait
678 2362 774 2395 Plato.
800 2362 908 2394 Fatum
924 2372 998 2405 ergo
1013 2361 1060 2394 seu
1076 2359 1177 2393 famen
1195 2360 1346 2398 diuinum,
1361 2372 1422 2402 quo
1439 2361 1545 2392 omnia
1562 2358 1658 2390 fando

121 2420 146 2453 E
178 2407 325 2451 disponit,
334 2408 496 2442 secundum
511 2407 888 2452 Auguitinum‚1fidorum,
896 2407 1089 2444 Hermetem,
1097 2406 1299 2441 Aristotelem,
1309 2414 1338 2438 ει
1348 2406 1515 2444 Platonem,
1523 2404 1659 2448 aliosque

177 2454 324 2494 Autotes,
332 2453 618 2493 immutabilitatem,
629 2452 976 2489 incommutabilitatem.
987 2449 1285 2486 indissolubilitatem‚
1294 2449 1601 2489 indeclinabilitatem‚
1611 2461 1660 2483 ne-

178 2499 350 2537 cessitatem,
364 2501 393 2534 ὃ(
403 2499 660 2534 ineuitabilitaiem
671 2501 826 2543 importat.
850 2498 952 2540 Quod
962 2498 1124 2533 &Autoris
1133 2497 1202 2531 fidei
1211 2495 1310 2530 fidelis
1318 2494 1415 2528 sermo
1425 2496 1540 2529 testatur
1556 2507 1564 2526 :
1583 2496 1661 2527 Coe-

179 2546 255 2586 lum,
270 2548 376 2591 inquit,
392 2548 422 2582 ἁ
430 2557 506 2578 terra
515 2545 662 2579 transibur
709 2545 909 2578 verbaautem
920 2555 986 2577 mea
995 2554 1057 2576 non
1067 2542 1244 2579 transibunt,
1259 2544 1305 2574 seu
1319 2540 1470 2578 transient,
1487 2539 1594 2574 Matth.
1606 2551 1659 2583 24.

179 2593 291 2626 Marcu
303 2593 369 2632 3.&
381 2593 454 2625 Luc.
467 2601 515 2624 21.
529 2592 609 2635 quod
619 2593 649 2624 ὅ(
660 2590 722 2623 Luc
749 2596 794 2624 16.
803 2589 840 2622 sic
851 2591 973 2633 exponit
990 2603 998 2621 :
1016 2589 1144 2622 Facilius
1161 2590 1202 2622 est
1210 2587 1325 2620 coelum
1336 2589 1482 2622 &terram
1500 2588 1659 2629 praererire,

178 2639 270 2686 quain
281 2638 319 2671 de
327 2638 391 2682 lege
398 2650 490 2671 vnum
501 2642 617 2672 apicem
625 2637 741 2669 cadere.
760 2637 796 2669 Et
804 2636 954 2678 Matth.5.
963 2636 1062 2668 Amen
1072 2634 1141 2667 dico
1150 2633 1249 2672 vobis,
1258 2632 1358 2665 donec
1368 2631 1492 2666 transeat
1502 2632 1619 2665 coelum
1628 2638 1660 2665 δε

180 2696 265 2724 ten-a,
279 2691 341 2717 iota
350 2695 442 2716 vnum
453 2694 502 2716 aut
510 2694 585 2714 vnus
594 2692 748 2726 ’,ψη-ποι]
764 2681 923 2723 praeteribit
935 2684 951 2713 a
966 2681 1045 2725 lege,
1060 2680 1158 2713 donec
1167 2681 1271 2713 omnia
1282 2678 1356 2711 fiant
1372 2691 1380 2711 t
1393 2677 1483 2711 Vnde
1491 2678 1520 2712 ὅ(
1529 2677 1600 2712 Iob.
1611 2688 1622 2709 1
1630 2688 1662 2709 0.

181 2733 260 2765 Non
270 2731 365 2773 potest
375 2729 448 2762 solui
462 2731 612 2773 scriptura.
634 2727 759 2770 Quibus
775 2732 804 2763 &
812 2725 982 2760 concordat
990 2725 1063 2760 illud
1074 2727 1181 2760 letem.
1195 2735 1245 2767 31.
1263 2723 1339 2757 Haec
1348 2724 1420 2755 dicit
1429 2725 1594 2763 Dominus,
1631 2723 1662 2755 ui

183 2778 235 2813 dat
244 2776 346 2810 Solem
356 2778 386 2808 in
395 2770 497 2807 lumen
508 2775 578 2808 diei,
596 2773 736 2806 ordinem
750 2773 824 2806 lunae
833 2774 863 2808 ὃ(
873 2772 1021 2805 stellarum
1030 2775 1060 2805 in
1069 2771 1171 2805 lumen
1181 2772 1290 2806 noctis.
1305 2771 1354 2814 qui
1364 2769 1461 2803 turbat
1468 2780 1560 2808 mare,
1573 2770 1603 2804 &
1625 2780 1662 2801 o-

184 2832 258 2858 nant
267 2822 374 2855 fluetus
381 2823 444 2854 eius
460 2835 470 2858 ς
487 2819 504 2850 si
515 2820 677 2852 defecerint
686 2819 766 2863 leges
775 2819 834 2851 issae
843 2829 947 2852 coram
955 2829 1016 2857 me,
1032 2828 1104 2851 tunc
1114 2823 1145 2850 8(
1161 2815 1259 2851 semen
1267 2815 1352 2849 Israel
1362 2814 1491 2850 deficiet,
1506 2826 1537 2847 vt
1549 2826 1608 2847 non
1628 2812 1662 2846 fit

184 2878 284 2904 eoram
293 2877 343 2900 me
352 2867 465 2900 cunstis
473 2865 587 2899 diebus.
613 2862 724 2904 Gloisa,
741 2864 903 2909 quomodo
911 2874 1010 2897 rerum
1019 2863 1151 2898 maxime
1161 2862 1326 2896 coelestium
1338 2862 1483 2894 astrorum
1493 2872 1557 2894 non
1565 2859 1663 2937 ροιὲίὶ

1026 2911 1060 2942 0
1068 2919 1088 2942 o
1097 2920 1118 2941 ο
1133 2919 1150 2941 a
1585 2916 1620 2938 or
1643 2915 1664 2937 o
