1985 3130
194 150 296 196 608

123 384 241 423 ffivsst·

124 1026 144 1052 C
146 1026 229 1054 maus.

119 1497 228 1534 Jfidorus.

117 1850 283 1887 Damascenus

128 2713 141 2751 l}
151 2712 282 2742 catholice

826 142 992 192 Thomae
1000 139 1284 192 fBradtvardini
1656 142 1702 192 L
1717 164 1729 192 i
1744 164 1784 194 n.
1793 163 1832 197 2.

305 239 391 284 super
400 239 472 271 illud
486 239 596 272 Matth.
614 243 662 269 16.
684 239 715 271 Si
725 240 789 281 quis
798 237 861 269 vult
870 237 935 280 post
945 245 995 267 me
1005 236 1107 267 venire
1116 232 1325 268 &c.scribitita
1342 249 1353 274 3
1366 234 1447 268 Vide
1459 234 1542 278 quod
1553 245 1615 268 non
1626 238 1799 270 coasti'uutn
1826 242 1855 275 A

306 287 378 318 facit
388 289 558 318 [ermonem
569 297 578 317 :
594 285 673 317 Non
683 285 764 317 enirn
774 283 863 319 dixit,
873 281 894 313 fi
904 279 1111 318 volueritis,&
1121 278 1142 311 fi
1151 280 1308 312 nolueritis
1316 303 1326 318 ‚
1341 291 1462 322 oportet
1471 281 1533 313 hoc
1544 291 1601 313 vos
1609 284 1670 325 pati
1682 282 1720 321 §fi
1731 284 1800 327 quis

308 332 372 364 vult
382 336 439 366 &c.
456 331 636 363 Hocaurem
646 329 760 368 dicem,
769 329 837 373 plus
846 326 1023 360 attrahebat:
1048 327 1117 365 Qui
1127 327 1206 357 enim
1219 324 1345 358 libertati
1355 325 1527 358 auditorem
1547 326 1686 366 dimittit,
1702 331 1799 372 magis

307 377 504 419 attrahit3qui
516 376 590 409 vero
600 370 1184 414 violentiaminlertmuliouesimpedit.
1210 372 1276 413 Q
1293 371 1323 404 ὃ(
1338 370 1422 414 super
1438 370 1518 404 idem
1529 371 1654 406 verbum
1674 372 1800 413 Christi,

309 422 384 455 Luc.
398 432 430 461 9.
439 422 476 455 {ic
485 424 524 454 :iit
535 436 545 460 ς
555 422 638 454 Cum
645 431 744 453 autem
755 421 892 453 Saluator
902 418 935 449 sit
945 420 1012 460 pius
1020 423 1050 449 δι
1061 414 1212 460 benignus
1221 417 1335 448 nullum
1345 417 1471 448 inuitum
1481 427 1530 450 aut
1539 421 1679 452 coactum
1688 418 1800 452 habere

309 468 374 499 vult
384 468 543 504 famulum,
553 466 601 499 sed
609 465 806 510 spontaneos,
827 465 857 498 ἃ
865 466 973 507 gratias
985 472 1106 505 agentes
1113 464 1139 494 ei
1148 474 1202 505 pro
1211 459 1357 494 famulatu
1367 476 1376 500 ς
1397 462 1508 496 &ideo
1518 466 1671 496 neminem
1682 476 1798 509 cogen-

309 514 362 550 do,
371 525 419 547 aut
427 512 625 546 necessitatem
635 510 837 556 imponendo,
852 510 901 542 sed
913 508 1120 553 persuadendo
1131 510 1160 542 25<
1168 506 1386 540 benefaciendo
1403 509 1798 545 vniuersosvolentesattra-

310 559 367 595 hit,
375 559 487 595 dicens,
498 560 527 591 Si
537 560 602 601 quis
613 558 685 591 vult.
700 557 743 590 Ex
751 558 806 589 isto
815 566 913 589 autem
921 565 1044 598 apparet
1052 554 1136 597 quod
1145 552 1204 596 ipse
1213 553 1300 597 ponit
1309 554 1410 586 Deum
1420 565 1568 597 praeagetc
1578 557 1678 591 astum
1689 556 1799 589 voluu-

311 607 378 637 tatis
389 603 687 637 humanae·‚cura11·as
696 602 774 635 dicct
784 628 794 642 ‚
805 601 888 646 quod
906 601 1044 633 Saliiator
1060 599 1122 631 vult
1134 598 1245 630 habere
1253 597 1434 641 spontaneos
1445 599 1592 641 famulos,
1600 601 1631 636 ἂ
1640 611 1696 652 pro
1703 601 1799 635 famu-

308 652 370 684 latu
379 652 486 693 gratias
494 652 518 683 ci
528 660 666 692 agentes:
692 649 757 680 Cur
765 659 845 680 enim
854 658 943 690 agent
951 647 1058 690 gratias
1069 645 1214 678 Saliiatori
1224 668 1233 682 ‚
1258 643 1311 677 nisi
1325 656 1381 686 pro
1391 646 1548 679 famulatus
1556 645 1707 680 beneflcio
1717 648 1799 691 prius

309 698 394 732 dato,
405 702 434 731 &
443 696 525 738 prius
533 705 653 739 accepto
662 692 699 726 ab
708 704 747 725 eo
758 699 767 724 Ξ
780 694 928 736 Alioquin
936 690 1185 735 videi-etur,quod
1194 691 1333 723 Saluator
1340 694 1441 734 potius
1448 701 1597 725 teneretur
1606 691 1728 727 reddere
1734 705 1799 738 gra-

308 745 362 774 tias
372 740 500 780 famulis,
513 751 551 774 eo
563 739 644 783 quod
652 742 747 782 ipsum
757 740 798 771 sui
809 738 968 771 famulatus
986 737 1133 781 obsequio
1142 737 1482 779 gratuitepraeuenirent.
1515 737 1632 771 Nonne
1647 738 1678 774 ὃ(
1694 738 1715 772 fi
1732 742 1799 786 quis

310 788 394 819 aliter
404 788 527 830 sapei-ct,
536 795 716 829 peruertcret
725 784 817 817 verba
828 784 952 821 Christi,
965 794 1020 814 nec
1030 783 1123 825 posset
1132 782 1187 814 elle
1196 783 1222 813 C
1227 782 1305 814 bristi
1321 781 1480 827 discipulus
1494 780 1543 817 sed
1553 784 1690 828 magister
1699 809 1709 825 ,
1725 785 1797 820 ficut
1808 801 1832 833 Β

312 833 548 874 Euangeliorum
558 833 641 864 [eries
653 830 837 864 manifestat?
854 831 934 862 Dicit
943 831 1024 861 enirn
1034 828 1171 860 Christus
1186 842 1197 867 3
1211 829 1242 861 Si
1251 838 1317 872 quis
1328 828 1390 860 vult
1399 830 1465 872 post
1474 838 1523 860 me
1533 831 1653 862 venire:
1668 831 1744 863 Non
1754 830 1798 864 di-

309 890 359 914 cit,
371 879 476 921 Siquis
484 878 549 909 vult
557 887 626 909 ante
635 887 683 908 me
693 878 801 915 ite‚aut
811 887 859 908 me
867 877 970 920 praeire
981 885 988 908 ;
998 874 1177 918 dicitque‚&
1187 875 1323 916 sequatur
1332 884 1381 906 me
1397 887 1407 912 ;
1424 885 1488 906 non
1496 873 1566 907 dicii
1577 900 1586 914 ,
1607 875 1636 908 ὅ(
1653 876 1799 918 praec'cdat

310 936 369 957 me.
394 925 432 955 Et
441 925 561 958 iterum,
571 924 691 967 quinon
703 922 943 955 baiulatcruccm
956 921 1036 952 suam
1046 921 1076 955 ὃ(
1090 929 1170 951 venit
1182 922 1248 962 post
1256 929 1322 957 me,
1334 930 1396 950 non
1409 921 1504 963 potest
1513 931 1595 954 meus
1602 918 1657 953 esse
1670 921 1798 966 discipu.

309 970 365 1001 lus.
392 970 473 1002 Licet
482 971 571 1012 igitur
588 968 616 1000 C
621 967 831 1011 hrysostomus
839 968 998 1010 aliquoues
1007 964 1130 998 forsitan
1139 963 1300 1001 aberrauit,
1316 965 1434 998 videtur
1443 967 1470 995 se
1480 967 1580 1007 postea
1588 965 1752 1003 correxisse,
1766 969 1798 1003 ὅ(

307 1015 392 1060 quod
402 1016 526 1048 erronee
536 1014 649 1047 dixerat
657 1014 830 1046 retraetasse.
858 1012 949 1045 Vnde
958 1012 1067 1045 Beatus
1077 1010 1208 1053 Cyrillus
1223 1010 1654 1055 AlexandrinusEpiscopusin
1664 1012 1799 1056 quadam

308 1061 430 1105 epistola
439 1060 476 1092 ad
485 1062 633 1093 Ioannem
643 1059 877 1091 Antiochenum
893 1059 1074 1101 Episcopum
1085 1081 1095 1096 ,
1108 1059 1138 1090 ὅ(
1147 1059 1283 1089 recitatur
1292 1057 1321 1087 in
1331 1067 1448 1088 canone
1458 1057 1522 1088 dist.
1535 1068 1585 1100 50.
1596 1057 1798 1096 lohannes,lic

306 1105 418 1142 scribit,
436 1105 567 1138 loannes
583 1104 823 1148 Chrylostomus
832 1104 948 1138 duabus
958 1102 1088 1146 Synodis
1096 1100 1348 1135 orthodoxorum
1360 1100 1574 1145 Episcoporum
1585 1102 1640 1135 fuit
1650 1103 1796 1140 dijudica·

306 1163 363 1190 tus,
373 1152 421 1185 sed
431 1153 537 1184 iterum
547 1149 772 1183 fuitrestitutus:
800 1151 878 1182 Non
890 1160 990 1182 tamen
999 1148 1130 1194 eitpreffe
1138 1147 1177 1179 ibi
1185 1147 1310 1180 habetur
1320 1172 1327 1184 ‚
1345 1147 1429 1191 quod
1439 1147 1498 1191 ipse
1506 1147 1561 1180 fuit
1571 1148 1752 1185 dijudicatus
1761 1161 1797 1182 cx

303 1197 386 1231 causa
395 1196 509 1229 haerelis
520 1195 781 1230 auterrorisinsua
791 1195 948 1233 doctrina,
971 1195 1126 1238 inscriptis
1141 1193 1199 1226 suis
1207 1204 1257 1225 aut
1273 1193 1359 1226 dic'tis
1380 1204 1390 1227 3
1408 1204 1606 1225 veruntamen
1622 1195 1796 1229 immediate

304 1255 373 1276 ante
382 1245 571 1285 praemittitur
579 1243 634 1274 isto
645 1244 741 1274 modo
751 1257 760 1280 3
780 1241 884 1273 Petrus
895 1241 1016 1284 negauit
1026 1239 1179 1271 Christum
1188 1263 1199 1278 ‚
1217 1240 1247 1272 ὅ(
1257 1249 1356 1271 tamen
1367 1240 1469 1282 postea
1477 1241 1616 1284 princeps
1627 1240 1796 1284 Apostolo-

303 1300 372 1321 rum
382 1288 478 1321 laetus
487 1290 525 1321 est
538 1299 547 1321 ε
559 1288 667 1320 Paulus
677 1287 864 1332 Stephanum
874 1287 1028 1329 lapidaiiit‚
1042 1286 1073 1320 ἂ
1082 1295 1183 1317 tamen
1200 1285 1216 1315 a
1235 1286 1376 1318 Domino
1385 1287 1414 1316 in
1425 1284 1608 1327 Apostolum
1616 1286 1655 1318 cst
1664 1286 1794 1325 εὶεᾶυες

304 1335 451 1377 multique
460 1333 496 1367 ab
505 1333 604 1365 haeresi
615 1333 652 1365 ad
664 1334 807 1366 vnitatem
818 1331 983 1365 Catholicae
994 1330 1064 1363 fidei
1073 1340 1298 1365 reuertentes,in
1307 1330 1365 1362 suis
1372 1329 1529 1362 ordinibus
1540 1329 1604 1363 sunt
1612 1334 1734 1375 recepti,
1742 1333 1793 1370 alii
1819 1349 1850 1380 C

305 1380 379 1412 vero
389 1380 426 1411 ad
438 1379 643 1422 Episcopalcm
654 1379 779 1421 gradum
791 1381 857 1410 sunt
866 1378 1015 1422 promoti,
1031 1387 1139 1420 vtpotc
1148 1376 1339 1419 Augustinus
1349 1374 1378 1408 ὅ(
1386 1376 1435 1412 alii
1453 1377 1652 1420 quamplures.
1675 1377 1749 1410 Item
1758 1389 1794 1412 ex

306 1426 430 1467 epistola
440 1425 549 1469 Cytilli
558 1425 596 1456 ad
605 1426 750 1458 Ioannem
761 1423 1005 1460 Antiochenum,
1013 1422 1141 1454 Ioannes
1152 1420 1387 1464 Chrysostomus
1398 1423 1457 1456 ἃς.
1469 1419 1643 1466 l'icutsupra.
1659 1421 1791 1456 Isidorus

304 1482 404 1503 tamen
417 1469 597 1514 Hispalensis
610 1471 782 1513 Episcopus
800 1469 837 1501 de
853 1471 923 1503 viris
938 1466 1097 1501 illustribus
1107 1471 1138 1497 6.
1152 1467 1216 1510 post
1233 1477 1375 1511 magnam
1393 1466 1694 1500 commendationem
1703 1468 1792 1502 huius

306 1516 468 1554 Iohannis,
480 1515 628 1559 subiungit
640 1526 648 1549 ;
659 1515 720 1547 Hic
729 1526 828 1547 autern
837 1514 955 1547 decimo
965 1515 1052 1546 tertio
1066 1513 1260 1556 Episcopatus
1269 1511 1309 1545 sui
1318 1523 1400 1545 anno
1410 1511 1557 1546 discordia
1572 1513 1741 1557 Theophili
1751 1515 1792 1546 A·

302 1562 471 1596 lexandrini·
481 1563 618 1605 Episcopi
629 1562 668 1593 est
677 1558 844 1605 oppressus.
856 1561 941 1593 Nam
951 1560 1084 1592 fauentes
1093 1557 1233 1602 Episcopi
1241 1557 1375 1590 Arcadio
1387 1557 1568 1602 Imperatori
1577 1558 1795 1594 damnauerunt

303 1619 372 1640 cum
381 1609 684 1650 innocentem‚atquc
691 1605 730 1637 ab
740 1604 922 1650 Episcopatu
931 1605 1078 1638 dciee’cum
1091 1629 1102 1643 ,
1119 1604 1224 1637 Ponto
1232 1605 1262 1636 in
1274 1604 1395 1637 exilium
1406 1606 1594 1638 retruserunt.
1619 1605 1735 1638 Nescio
1749 1616 1794 1639 ta·

302 1663 373 1686 men
382 1665 419 1686 an
428 1653 480 1685 ista
489 1653 645 1686 damnatio
655 1652 710 1684 suit
719 1653 816 1695 aliqua
827 1651 1004 1689 dijudicatio
1012 1650 1221 1694 praedistarum
1235 1673 1244 1688 ,
1255 1660 1291 1681 an
1301 1650 1357 1682 alia
1373 1648 1502 1693 separata
1517 1663 1525 1683 :
1542 1650 1672 1684 multum
1689 1662 1790 1685 tamen

302 1698 539 1742 presumendum
549 1699 663 1731 videtur
678 1709 732 1741 pro
749 1697 914 1730 multorum
930 1696 1176 1729 orthodoxorum
1196 1693 1411 1739 Episcoporum
1427 1694 1502 1727 bino
1516 1696 1626 1728 iudicio
1644 1696 1792 1739 synodali.

303 1744 511 1788 Theophylus
520 1755 645 1787 quoque
657 1744 869 1776 Alexandrinae
881 1744 1010 1775 ciuitatis
1019 1742 1194 1786 Episcopus.
1210 1741 1280 1773 teste
1289 1739 1450 1774 Gennadio
1467 1740 1638 1774 Massiliensi
1657 1742 1792 1786 Presby-

302 1798 379 1826 tero,
387 1791 424 1822 de
436 1792 505 1823 viris
514 1788 676 1822 illustribus
689 1799 737 1830 33.
748 1799 807 1821 etat
817 1789 939 1821 Dostor
949 1785 1137 1824 Catholicus,
1146 1786 1355 1820 haercticorum
1366 1786 1497 1818 strenuus
1506 1798 1706 1831 expugnator,
1715 1799 1790 1820 erar-

302 1846 362 1877 que
374 1838 439 1868 vitre
449 1835 601 1867 sanctitate
620 1834 774 1868 laudabilis
791 1839 820 1865 Sc
834 1832 967 1877 insignis.
990 1831 1138 1866 Iohannes
1150 1833 1243 1865 etiam
1262 1830 1465 1864 Damascenus
1479 1832 1596 1865 videtur
1609 1831 1712 1866 errasse
1724 1844 1789 1866 non

303 1892 410 1924 parui-n
421 1883 449 1912 in
461 1883 522 1913 vita
533 1895 542 1919 ς
554 1881 618 1914 Cur
628 1892 700 1924 ergo
711 1891 773 1912 non
784 1881 883 1923 potuit
893 1877 993 1912 errasse
1004 1877 1135 1911 similiter
1145 1880 1173 1910 in
1183 1877 1322 1910 dostrina
1339 1882 1348 1906 ἑ
1368 1877 1402 1909 In
1409 1875 1511 1910 libello
1523 1888 1653 1921 namque
1662 1878 1700 1911 de
1715 1879 1788 1911 Phi·
1813 1899 1844 1930 D

302 1927 446 1959 locosmis
458 1929 486 1961 ὃ(
499 1925 673 1963 Philanteis‚
683 1925 810 1958 refertur
819 1925 856 1958 de
863 1936 914 1962 eo,
924 1924 1005 1968 quod
1014 1925 1044 1956 in
1061 1925 1208 1956 Damasco
1218 1925 1292 1955 inter
1303 1925 1476 1966 AgarenOS,
1494 1924 1547 1968 qui
1560 1923 1699 1956 dicuntur
1708 1935 1788 1957 com-

303 1975 433 2004 munitet
444 1973 594 2009 Saraceni,
606 1973 740 2015 ipsorum
750 1972 845 2004 literas
854 1970 956 2003 didicit
968 1971 1158 2014 opportune.
1167 1968 1291 2013 &quod
1302 1979 1425 2012 propter
1433 1978 1496 2000 eam
1508 1993 1516 2008 ‚
1537 1980 1607 2013 quae
1623 1969 1660 2000 ad
1677 1980 1786 2003 omnes

303 2017 491 2049 mansuetam
500 2023 530 2052 δι
538 2018 656 2050 dulcem
666 2017 932 2060 colloquutionem
943 2014 1116 2048 manifestus
1125 2016 1202 2057 Regi
1214 2013 1337 2047 effeetus
1345 2015 1385 2046 est
1393 2037 1401 2050 ‚
1430 2013 1461 2047 ὅ(
1476 2013 1593 2047 honore
1608 2019 1744 2047 maximo
1752 2014 1791 2049 ab

303 2061 368 2105 ipso
377 2062 565 2106 dignificatiis
573 2065 623 2101 est,
633 2070 663 2096 Sc
673 2074 742 2095 cum
752 2061 815 2105 ipso
824 2061 944 2097 adibat,
962 2072 995 2094 Vt
1010 2060 1133 2093 dilectus
1147 2061 1185 2092 ad
1200 2058 1289 2102 ipsius
1306 2060 1495 2092 Mabumetis
1510 2058 1631 2093 foueam
1639 2058 1685 2092 seu
1695 2060 1791 2103 sepul-

304 2107 409 2141 chrum
421 2120 429 2142 3
439 2109 561 2141 coaetus
570 2110 608 2140 est
619 2119 718 2142 autem
726 2109 787 2140 illic
798 2108 814 2140 ὲ
824 2107 907 2150 Rege
916 2107 1040 2140 adorare
1051 2131 1059 2142 ,
1075 2105 1106 2139 ὅ(
1120 2106 1180 2149 ipse
1190 2104 1277 2149 ipsius
1287 2116 1396 2147 corpus
1405 2107 1551 2142 venerari,
1569 2107 1598 2139 ἃ
1608 2105 1697 2149 lapidi
1705 2106 1789 2138 incli-

305 2157 380 2190 nari,
389 2161 418 2187 ὅ(
431 2153 525 2197 ipsum
537 2154 700 2186 Mahumet
710 2154 882 2196 pta-dicare,
892 2153 922 2186 ἃ
932 2152 1094 2195 praedicans
1105 2149 1557 2187 Mahumctum‚d1xitobscure*,
1575 2150 1623 2183 Isti
1633 2150 1747 2187 dicunt,
1758 2157 1788 2183 8(

306 2209 415 2243 magna
422 2209 509 2235 voce,
519 2199 603 2241 quod
615 2199 775 2232 Mahurnet
785 2200 842 2230 Dei
852 2197 1016 2241 Apostolus
1029 2198 1068 2229 est
1079 2210 1085 2228 :
1097 2195 1310 2229 Reuereniibiis
1319 2206 1420 2227 autem
1428 2194 1494 2238 ipsis
1504 2198 1533 2228 in
1543 2197 1721 2229 Damascum
1730 2196 1789 2229 ho-

305 2255 433 2279 noratus
442 2245 479 2275 est
493 2245 510 2275 a
521 2245 614 2286 Rege,
623 2246 652 2280 ὀ(
662 2243 855 2288 magnatibus
865 2242 954 2286 ipsius
962 2241 1120 2285 magnifice
1134 2241 1215 2274 velut
1224 2241 1387 2284 praedicans
1396 2244 1526 2274 omnino
1534 2242 1738 2286 inquinatum.
1759 2244 1790 2276 Si

306 2291 378 2334 qnid
388 2301 487 2323 tamen
498 2289 560 2322 liaec
569 2292 677 2322 iaciens
687 2289 853 2334 prophanae
861 2289 1035 2332 pollutionis
1044 2289 1206 2325 contraxit,
1214 2286 1329 2320 videtur
1335 2285 1482 2319 abolitum
1492 2294 1523 2321 δε
1532 2298 1691 2331 purgatum
1701 2289 1730 2319 in
1739 2299 1789 2320 ac-

307 2335 512 2367 cusationessn'
523 2335 666 2368 mendosa
682 2340 823 2380 sequente
835 2334 919 2377 super
927 2334 1051 2365 crimine
1062 2330 1186 2375 pessimo
1204 2343 1274 2376 erga
1290 2332 1404 2376 Regem
1417 2356 1425 2368 ‚
1450 2339 1480 2365 8(
1496 2331 1658 2365 abscisione
1673 2334 1788 2378 pollicis

306 2381 416 2414 dextra:
426 2392 639 2423 maniis,quem
651 2383 749 2413 [ecum
757 2381 893 2413 deserens
902 2379 986 2412 flexis
994 2379 1118 2421 genibus
1126 2389 1227 2411 coram
1235 2380 1362 2420 imagine
1372 2376 1644 2411 misericordiffimae
1655 2381 1789 2424 virginis,

306 2438 393 2469 quarn
406 2437 494 2468 penes
511 2426 536 2457 se
546 2427 661 2463 habuit,
677 2427 708 2461 ὅ(
717 2437 807 2459 orans
816 2427 928 2458 deuote
937 2435 1004 2457 cum
1014 2423 1152 2467 lacrymis
1169 2423 1201 2457 ὃ(
1216 2422 1448 2467 profundissimo
1463 2425 1577 2467 gemitu
1587 2436 1638 2468 per
1650 2435 1707 2457 tres
1716 2424 1789 2464 dies,

307 2471 402 2510 ipsum
413 2471 541 2515 perse-Cle
552 2473 658 2504 restitui
670 2474 991 2515 impetrauit3mortuo
1003 2481 1126 2513 quoque
1135 2469 1381 2512 Regepraedie‘to,
1396 2469 1490 2502 fastus
1499 2469 1668 2504 Monachus
1678 2495 1687 2510 ,
1707 2472 1736 2502 in
1755 2470 1786 2502 li-

308 2517 363 2548 bro
374 2516 435 2554 suo,
445 2520 496 2560 qui
508 2517 612 2552 P.nax‚
630 2516 689 2549 fiue
697 2518 733 2549 de
743 2528 866 2549 centum
878 2514 1033 2548 haerelibus
1044 2525 1241 2559 nuncupatur,
1251 2514 1321 2546 loco
1330 2514 1491 2547 centesimo
1499 2513 1620 2548 haeresin
1630 2516 1789 2560 Agareno-

309 2574 387 2595 rum.
398 2563 563 2594 eoruntlem
577 2570 607 2595 δι
625 2563 840 2596 limae-litatum
849 2562 1036 2604 redarguit&
1046 2561 1150 2593 reuicit
1164 2573 1172 2593 :
1197 2562 1404 2593 Veruntamen
1422 2558 1566 2593 similibus
1581 2559 1661 2593 forte
1674 2561 1786 2599 modis,

307 2606 415 2650 quibus
425 2607 704 2649 Chrysostomus,&
712 2619 800 2641 etiam
812 2618 866 2652 per
874 2607 1015 2639 vicesimo
1023 2610 1133 2640 ostano
1141 2605 1230 2639 huius
1239 2604 1382 2649 praemiffa
1390 2607 1484 2649 potest
1494 2605 1622 2639 fortasiis
1637 2606 1667 2640 ὅ(
1676 2608 1789 2639 Dama-

308 2653 410 2685 scenus
420 2655 541 2695 exponi,
552 2655 581 2688 <St
592 2652 698 2685 similes
707 2654 858 2686 Do&ores
866 2652 1028 2688 Catholici,
1035 2664 1065 2695 qt
1078 2652 1087 2683 i
1098 2651 1196 2684 ,imilia
1203 2652 1398 2694 protulerunt.
1423 2650 1650 2685 Rationabiliter
1658 2662 1788 2696 namque

309 2699 453 2731 debeam<
462 2704 473 2737 {l
483 2698 674 2730 catholicorum
685 2700 762 2732 dista
770 2701 799 2731 in
809 2699 1022 2742 benigniorem
1033 2708 1147 2739 partem
1158 2707 1246 2740 quam
1258 2694 1599 2741 poffiimusmterpretari
1617 2708 1625 2731 i
1641 2696 1789 2730 haeretico-

310 2755 374 2775 rum
387 2745 494 2775 veroin
507 2743 611 2775 odium
622 2755 725 2776 corum
737 2743 900 2785 perfectum
909 2746 990 2776 iuxta
999 2742 1128 2786 ipsorum
1139 2741 1420 2775 hrercfinaestimare.
1446 2743 1643 2786 intelligentia
1657 2752 1787 2786 namque

309 2789 422 2821 dit-”tiex
433 2791 601 2822 intentione
611 2792 639 2824 ἑ(
654 2790 741 2822 causa
750 2788 1023 2831 pensaturdicendi'.
1042 2788 1215 2821 Necdebeo
1223 2787 1525 2830 rationabiliter-argui
1541 2786 1675 2820 accusare
1689 2786 1789 2826 Chry·

310 2834 487 2876 sostomum,
498 2837 732 2874 Damascenum,
739 2836 770 2870 ἃ
779 2835 853 2868 alios
861 2833 978 2869 sanfitos
987 2836 1111 2868 crimine
1117 2832 1259 2878 pessimo,
1267 2832 1410 2866 haereticae
1420 2834 1523 2868 scilicet
1532 2833 1683 2877 prauitatis
1688 2856 1698 2871 ,
1714 2843 1789 2876 quo-

1711 2888 1791 2911 niatu
