1985 3130
245 162 343 223 778
811 152 978 202 ‘Thomae
998 149 1286 201 Bradwardim·
1678 150 1718 201 L
1732 169 1745 199 i
1761 170 1803 200 n.
1815 169 1850 217 3.

151 253 307 294 Augustinus.
328 250 514 293 Augustinus
524 247 652 292 superius
661 247 815 290 allegatuS,
831 243 933 276 dicens
947 243 1031 286 quod
1049 243 1144 274 Beatis
1160 251 1214 274 erit
1226 240 1342 274 assidua
1352 240 1515 273 leffiolibti
1525 244 1603 277 viiae.
1631 243 1699 283 Qui
1714 243 1745 277 ὅ(
1760 244 1798 277 de
1809 247 1838 278 A

328 295 427 328 verbis
436 295 574 338 Apostoli
583 293 718 326 sermone
726 289 911 333 20.loquens
920 287 957 321 de
965 297 1105 332 tempore
1111 288 1164 320 viae
1172 287 1202 320 ὅ(
1210 289 1322 330 patriae.
1339 288 1447 325 Nunc,
1456 287 1565 332 inquit,
1575 299 1625 331 per
1635 287 1726 321 fidem
1737 301 1799 323 atn-

329 341 480 377 bulamus,
497 338 775 383 tuncperspeciem.
797 334 882 377 Qd
890 336 930 367 est
945 345 995 376 per
1013 335 1138 377 speeiem
1153 338 1165 364 ?
1181 332 1338 374 speciosus
1353 333 1450 366 forma
1467 343 1526 376 prae
1542 333 1612 370 filiis
1628 332 1802 374 hominum,

332 389 406 431 quia
416 388 444 418 in
453 386 602 429 principio
611 394 672 416 erat
682 382 818 417 verbum,
826 390 857 413 δι
866 380 991 412 verbum
1001 389 1061 411 erat
1069 377 1148 421 apud
1157 377 1306 414 Deum&
1314 378 1397 410 Deus
1405 389 1465 410 erat
1478 378 1611 411 verbum.
1629 380 1695 419 Qui
1704 380 1801 424 diligit

335 444 395 469 nie,
409 432 517 473 inquit,
532 429 674 462 mandata
688 440 756 461 mea
771 425 910 463 custodit,
924 426 953 458 ὅ(
964 426 1013 468 qui
1022 425 1118 466 diligit
1127 434 1175 454 me
1188 421 1351 466 diligetur&
1363 423 1448 455 Patre
1456 435 1525 456 meo
1544 435 1553 458 ἰ
1567 425 1596 459 ὅ(
1606 434 1664 467 ego
1677 425 1800 469 diligam

333 487 419 511 eum:
430 482 460 508 δε
472 474 543 519 quid
553 476 594 507 illi
603 474 688 506 dabis
700 481 708 504 ἒ
720 474 756 505 Et
766 471 919 506 ostendam
930 471 1074 512 meipsum
1083 469 1136 506 illi·,
1144 467 1207 500 haec
1214 472 1267 501 etit
1275 469 1382 511 species
1390 469 1514 513 quando
1522 470 1706 512 saciet‚quod
1714 472 1800 508 dixit,

334 521 528 557 &ostendam
537 519 683 564 meipsum
697 518 736 551 illi
756 531 763 553 5
780 516 821 549 ibi
838 518 1010 559 aequitatem
1026 515 1085 547 Dei
1095 513 1219 552 videbis,
1232 514 1271 546 ibi
1283 513 1341 546 sine
1350 516 1491 548 codicem
1499 513 1592 548 verbo
1606 514 1686 557 leges
1703 531 1713 555 3
1729 528 1802 560 ergo

334 568 403 600 ciim
414 566 576 599 viderimus
585 576 655 597 eum
664 563 744 597 sicuti
753 564 803 597 est.
813 563 872 595 iam
880 560 998 593 tranfiet
1007 560 1208 604 peregrinatio
1216 560 1325 592 nostra.
1343 561 1412 592 Sine
1420 558 1643 604 codice,inquit,
1650 561 1805 604 leges,fine

334 613 450 649 codice,
457 619 589 654 inquam,
597 611 745 649 creato,in
755 607 860 641 codice
869 611 1016 643 increato,
1025 607 1054 638 in
1061 606 1139 638 libro
1147 616 1259 638 aeterno
1268 603 1394 638 scientiae
1403 606 1462 638 Dei
1470 616 1593 638 aetetnae.
1617 607 1652 638 Et
1663 610 1804 650 sequitur,

335 659 395 692 Via
404 657 442 690 est
453 657 584 693 eredere,
593 656 670 688 hanc
678 665 758 687 viam
767 663 934 690 teneamus,
945 658 976 685 &
986 650 1024 683 ad
1032 652 1158 694 speciem
1167 653 1375 693 perueniemus
1390 664 1400 689 ;
1415 650 1484 682 cum
1495 653 1662 684 venerimus
1670 653 1708 683 ad
1716 652 1806 696 speci-

336 714 399 742 em,
409 713 579 746 aequitatem
591 703 648 734 Dei
658 699 840 738 videbimus,
854 700 948 732 &iam
958 707 1019 729 non
1029 700 1083 728 erit
1092 695 1132 728 ibi
1143 697 1251 731 dicere,
1266 706 1358 738 quare
1366 695 1435 729 huic
1444 695 1587 733 subuenit,
1603 703 1633 730 ὅ(
1644 697 1713 729 huic
1721 710 1784 730 non
1796 706 1805 730 Ξ

337 752 440 791 Qare
449 750 498 781 iste
505 746 651 780 adductus
667 747 707 779 est
717 746 733 778 a
742 744 962 788 gubernatione
971 743 1027 774 Dei
1037 753 1067 775 vt
1076 741 1257 785 baptizetur,
1271 740 1319 773 ille
1329 752 1427 774 autem
1438 741 1507 774 cum
1523 742 1600 774 bene
1614 743 1808 776 catechume-

339 806 396 826 nus
407 791 618 831 vigeriusubjta
626 792 709 824 mina
718 800 853 823 mortuus
864 790 915 824 est,
925 787 997 821 &ad
1008 786 1188 830 baptismum
1199 798 1261 817 non
1271 789 1418 828 peruenit,
1434 786 1587 820 illeauteni
1597 787 1665 820 cum
1676 787 1809 823 scelerate
1828 793 1850 825 B

340 841 460 877 vixerit,
475 838 734 874 cumluxuriosus,
747 835 815 868 curn
825 833 978 872 moechus,
993 832 1061 864 cum
1080 831 1229 868 scarnicus,
1246 831 1313 863 cum
1325 843 1451 866 venator
1459 843 1624 876 aegrotauit,
1641 833 1811 879 baptizatus

341 887 390 920 est,
401 882 539 920 discessit,
549 893 701 926 peccatum
711 884 739 915 in
746 892 783 913 eo
793 880 986 913 coniunftum
996 880 1047 916 est,
1058 888 1209 920 peccatum
1218 888 1246 908 iii
1256 888 1293 908 eo
1303 877 1434 910 deletum
1444 878 1484 911 est
1494 886 1502 908 Ξ
1520 881 1624 921 Qare
1634 883 1737 913 merita
1746 892 1811 914 non

341 931 487 968 inuenies,
498 927 548 962 nisi
560 940 684 972 poenam
701 935 709 959 ἓ
727 928 834 969 Qate
844 930 984 968 gratiam?
1004 925 1037 956 O
1047 923 1176 955 altitudo
1185 923 1356 955 diuitiarum
1373 927 1383 955 !
1398 924 1497 957 Petrus
1506 935 1606 967 negat,
1622 924 1698 956 latro
1708 926 1811 960 credit.

343 977 377 1008 O
387 975 514 1008 ¹altitudo
524 974 694 1008 diuitiarum
705 973 853 1016 sapientia.-
862 972 891 1004 ἂ
900 969 1026 1001 scientia:
1038 969 1097 1000 Dei
1113 971 1124 999 l
1151 968 1245 1000 Simili
1254 980 1377 1013 quoque
1385 969 1571 1008 modo,ficut
1580 980 1718 1014 argutum
1726 972 1765 1003 est
1775 971 1814 1004 de

341 1020 432 1060 libro,
443 1022 525 1064 argui
535 1021 628 1064 potest
638 1018 675 1051 de
684 1018 794 1050 verbo:
806 1015 970 1059 quomodo
979 1024 1109 1056 namque
1124 1025 1188 1046 non
1197 1015 1292 1058 potest
1300 1013 1405 1047 beatus
1414 1015 1512 1048 audire
1521 1016 1549 1049 ὃ(
1559 1016 1739 1058 cognoscere
1748 1028 1814 1050 vera

344 1067 505 1110 complexa
513 1069 541 1097 in
553 1064 660 1104 verbo,
669 1065 699 1100 ὅ(
709 1075 759 1107 pet
768 1062 893 1095 verbum
902 1062 972 1097 Dei,
981 1071 1011 1092 tri
1020 1071 1083 1103 quo
1093 1063 1124 1090 Sc
1134 1071 1188 1103 per
1195 1058 1282 1104 quod
1292 1062 1395 1093 omnia
1402 1070 1469 1092 vera
1480 1059 1642 1097 verissime,
1661 1060 1816 1094 distinffis.

343 1111 427 1149 fime,
439 1110 637 1146 &certissime
648 1111 864 1154 exprimuntur,
872 1117 1070 1149 verorumque
1079 1106 1218 1137 omniurn
1228 1103 1383 1138 verissima:
1394 1106 1423 1140 ὅ(
1431 1106 1596 1138 certissimae
1605 1106 1732 1139 rationes
1750 1114 1759 1138 ἒ
1776 1108 1816 1140 Et

345 1158 410 1200 quis
421 1157 636 1201 praesumpserit
645 1156 741 1188 dicere
752 1165 812 1188 tam
822 1151 1065 1185 facundissimum
1073 1149 1199 1182 vei-bum
1209 1160 1326 1183 mutum
1345 1157 1354 1181 ἒ
1373 1152 1451 1194 Qis
1459 1149 1520 1183 hoe
1531 1152 1752 1195 praesumpserit,
1762 1151 1817 1185 nisi

345 1201 446 1234 surdus
463 1209 471 1233 Ξ
491 1203 529 1234 Et
547 1204 613 1246 quis
622 1200 729 1234 audeat
738 1199 834 1232 dicere
843 1198 968 1231 verbum
979 1197 1110 1229 Domini
1120 1205 1310 1239 nequaquam
1318 1198 1481 1240 exprimere
1495 1208 1550 1228 nec
1559 1198 1641 1239 posse
1651 1199 1817 1240 exprimere

345 1249 447 1291 aliqua
457 1259 524 1280 vera
533 1247 701 1290 complexa,
715 1244 764 1277 sed
774 1241 988 1277 tantummodo
995 1242 1187 1284 incomplexa
1201 1248 1210 1272 ἓ
1235 1242 1292 1273 Vel
1302 1239 1322 1272 si
1331 1242 1474 1284 exprimat
1485 1252 1551 1275 vera
1557 1241 1728 1285 complexa,
1736 1255 1819 1275 crea-

347 1302 444 1326 turam
455 1303 555 1326 tamen
565 1303 625 1325 nou
634 1293 714 1336 poffe
722 1291 824 1323 audire
839 1300 892 1323 nec
908 1287 1071 1330 intelligere
1085 1288 1116 1319 in
1125 1286 1177 1318 illo
1185 1283 1275 1319 verbo
1285 1297 1353 1319 vera
1362 1287 1534 1331 complexa,
1548 1287 1596 1320 sed
1605 1289 1817 1321 tantummodo

347 1338 555 1381 incomplexa,
572 1349 625 1370 nee
633 1337 758 1370 verbum
765 1334 839 1369 illud
848 1336 1042 1377 omnipotens
1053 1330 1135 1375 posse
1143 1342 1195 1375 per
1202 1333 1325 1374 sciptum
1335 1332 1501 1376 exprimere
1508 1343 1646 1366 creaturae
1655 1344 1721 1366 vera
1730 1345 1815 1366 tom·
1830 1331 1861 1365 C

347 1383 434 1427 plexa
444 1383 524 1416 sicuti
533 1385 633 1416 incom
638 1383 739 1426 plexa,
746 1382 901 1413 orationes
910 1378 991 1410 sicuti
999 1377 1162 1410 distiones?
1173 1378 1267 1420 Qis,
1275 1378 1404 1420 inquam,
1413 1375 1473 1410 hoc
1481 1378 1624 1411 affirmare
1631 1379 1821 1423 praelumpsc-

348 1431 395 1465 rit,
407 1426 459 1461 nisi
470 1429 658 1472 spiritualiter
666 1428 745 1461 sorte
757 1426 869 1464 surdus,
883 1425 1025 1468 quiaures
1034 1422 1136 1459 habet,
1145 1424 1175 1457 ἃ
1183 1433 1245 1454 non
1255 1421 1353 1454 audiet
1363 1422 1488 1455 verbum
1498 1423 1558 1455 Dei
1578 1430 1586 1454 ἓ
1606 1423 1684 1455 Νοη
1693 1423 1731 1455 fic
1743 1424 1820 1456 Pro-

172 1483 303 1522 Prophem.
349 1474 454 1519 pheta,
465 1486 528 1507 non
538 1474 576 1507 fic
586 1489 597 1513 3
606 1474 655 1505 sed
665 1475 715 1512 ait,
730 1472 863 1505 Audiam
873 1469 946 1515 quid
955 1469 1093 1513 loquatur
1101 1470 1130 1500 in
1141 1479 1189 1500 me
1199 1468 1297 1505 Deus,
1307 1466 1424 1499 Psalmo
1431 1467 1485 1510 84.
1495 1468 1579 1511 super
1588 1468 1671 1512 quod
1680 1469 1821 1513 Augusti-

172 1524 337 1564 ‘Augustinus
350 1531 416 1556 nus,
425 1519 631 1564 Loquebatur.
640 1520 747 1562 inquit,
754 1519 784 1550 in
794 1517 846 1549 illo
855 1518 939 1549 Deus
946 1516 1038 1554 intus,
1049 1520 1078 1546 &
1086 1513 1214 1547 mundus
1222 1512 1343 1546 faciebat
1353 1513 1395 1545 illi
1402 1514 1550 1556 strepitum
1561 1515 1635 1546 toris
1648 1527 1658 1552 ς
1673 1513 1820 1548 cohibens

349 1576 424 1608 ergo
434 1566 592 1610 aliquanto
602 1565 619 1597 Ξι
628 1566 748 1608 strepitu
755 1563 873 1601 mundi,
886 1561 1061 1595 &auertens
1069 1558 1095 1591 st:
1103 1559 1139 1590 ad
1148 1560 1186 1596 se,
1204 1564 1234 1590 δι
1252 1559 1269 1590 ὲ
1288 1559 1317 1589 se
1333 1560 1363 1589 in
1378 1557 1460 1590 illum
1476 1559 1560 1591 cuius
1569 1570 1672 1591 vocem
1680 1559 1820 1594 audiebat

348 1612 486 1648 interim,
499 1622 591 1655 quam
601 1609 745 1643 obturans
755 1619 856 1642 aurem
866 1616 973 1639 contra
989 1604 1219 1638 tumultuantem
1234 1607 1300 1636 vitae
1309 1603 1660 1647 huiusinquierudfflem,
1672 1609 1702 1640 δι
1717 1616 1821 1640 contra

349 1658 483 1689 animam
493 1667 621 1700 coi-pore
634 1654 719 1700 quod
734 1654 934 1698 corrumpitur
946 1661 1153 1696 aggramram,
1168 1649 1199 1683 ὃ(
1213 1648 1293 1682 sensu
1307 1659 1420 1682 terrena
1434 1647 1621 1682 habitatione
1634 1650 1821 1693 deprimente

348 1702 444 1734 multa
454 1702 638 1744 cogitantem
648 1703 698 1738 ait,
713 1699 844 1733 Audiam
854 1698 925 1743 quid
931 1697 1071 1741 loquatur
1080 1698 1108 1728 in
1119 1706 1167 1728 me
1174 1695 1416 1728 DominusDeus
1425 1704 1434 1728 ὅ
1443 1694 1600 1728 &audium
1619 1694 1703 1738 Qid
1714 1702 1722 1725 Ξ
1733 1698 1823 1738 Qo-

349 1748 430 1779 niam
440 1744 581 1790 loquetur
589 1758 692 1790 pacem
702 1747 731 1779 in
741 1745 859 1788 plebem
868 1744 950 1776 suam
962 1754 971 1777 5
980 1742 1155 1784 ostensoque
1164 1739 1252 1785 quod
1263 1739 1374 1783 paxilla
1383 1749 1444 1771 non
1454 1741 1507 1773 erit
1515 1739 1644 1784 perfefita
1653 1741 1682 1772 in
1692 1741 1816 1784 praesen-

351 1793 385 1830 ti,
393 1791 480 1824 sedin
493 1793 609 1831 futuro,
617 1790 832 1824 concludendo
842 1789 879 1822 fic
888 1789 942 1828 ait,
959 1788 1019 1820 Erit
1028 1798 1100 1830 ergo
1109 1797 1167 1830 pax
1178 1796 1299 1830 purgata
1308 1786 1337 1816 in
1347 1783 1415 1821 filijs
1424 1786 1493 1823 Dei,
1501 1785 1642 1818 omnibus
1651 1784 1819 1819 amantibus

348 1836 391 1874 Ie,
401 1836 569 1871 videntibus
579 1837 605 1870 se
614 1838 719 1880 plenos
726 1837 808 1871 Deo,
818 1835 886 1868 cum
895 1834 1040 1867 eritDeus
1050 1833 1189 1864 omniain
1200 1829 1344 1863 omnibus
1360 1842 1367 1860 :
1385 1841 1547 1863 commune
1554 1829 1751 1874 spectaculum
1769 1833 1816 1864 ha·
1827 1839 1862 1873 D

350 1879 490 1916 bebimus
499 1884 615 1922 Deum,
632 1892 826 1915 communem
837 1878 1061 1924 poffessionem,
1076 1887 1271 1909 communem
1283 1885 1386 1918 pacem
1395 1874 1572 1909 habebimus
1582 1877 1695 1910 Deum.
1721 1879 1819 1917 Quic-

351 1929 425 1970 quid
436 1930 514 1960 cnim
525 1930 563 1961 est
573 1927 656 1972 quod
665 1926 752 1960 nobis
760 1927 855 1959 modo
865 1926 915 1958 dat
923 1925 994 1968 ipse,
1012 1922 1100 1955 nobis
1109 1925 1162 1956 erit
1171 1933 1226 1965 pro
1235 1919 1378 1953 omnibus
1387 1921 1437 1964 qui
1446 1921 1505 1957 dat,
1522 1920 1641 1964 ipfiieri't
1650 1921 1780 1965 perfesta
1788 1927 1819 1957 ὃς

351 1974 439 2016 plena
447 1984 505 2016 pax
519 1973 610 2006 :hanc
619 1973 752 2017 loquitur
760 1973 789 2003 in
799 1970 916 2016 plebem
926 1968 1103 2008 suam,hanc
1113 1967 1232 2000 volebat
1240 1966 1410 2002 audireille,
1426 1968 1477 2009 qui
1486 1968 1538 2004 ait,
1554 1967 1684 2000 Audiam
1694 1968 1764 2012 quid
1773 1968 1820 1998 10-

352 2030 462 2061 quatur
470 2030 499 2051 in
508 2030 556 2051 me
566 2020 721 2051 Dominus
730 2019 824 2054 Deus,
838 2016 986 2060 quoniam
995 2015 1134 2058 loquetur
1143 2024 1249 2057 pacem
1258 2013 1286 2042 in
1295 2011 1413 2055 plebem
1424 2012 1515 2044 suam.
1541 2012 1607 2054 Qi
1617 2013 1646 2047 ὃ(
1655 2014 1706 2044 vlt,
1722 2014 1758 2044 dc
1769 2014 1821 2044 ρι’-

178 2068 191 2085 '‘
207 2066 341 2098 secretum.
355 2065 535 2102 uit.Dei29.
551 2066 686 2106 Qanra,
700 2063 809 2106 inquit,
825 2060 1096 2095 eritistaroelici'tas‚
1111 2058 1160 2092 vbi
1173 2058 1289 2089 nullum
1297 2060 1351 2088 erit
1360 2056 1485 2093 malum,
1499 2056 1615 2090 nullum
1628 2057 1731 2091 latebit
1741 2058 1756 2073 ⁴⁸
1767 2057 1822 2090 bo-

353 2120 426 2142 num
446 2116 455 2140 ἒ
476 2108 640 2142 Vacabitur
650 2106 853 2141 Deilaudibus
863 2108 976 2150 quierit
984 2105 1091 2137 omnia
1099 2108 1129 2136 i'n
1139 2102 1293 2136 omnibus.
1319 2101 1596 2135 Admoneoreti'arn
1605 2100 1707 2137 saneto
1718 2104 1821 2136 Canti-

354 2165 403 2190 co,
411 2153 462 2185 vbi
471 2154 540 2198 lego
550 2154 596 2186 vel
604 2153 708 2193 audio,
724 2154 807 2185 Beati
817 2163 864 2196 qui
874 2151 1009 2184 habitant
1017 2152 1046 2181 in
1057 2149 1151 2181 domo
1160 2159 1220 2185 tua,
1230 2148 1377 2187 Domine,
1387 2157 1415 2179 in
1425 2147 1526 2179 srtcula
1537 2147 1708 2180 (seculorum
1719 2148 1822 2181 lauda-

354 2198 465 2232 buntte
474 2198 642 2238 omnesilli,
654 2210 703 2242 qui
714 2195 1065 2232 nunciarentharmoniae
1081 2195 1247 2238 corporalis
1262 2193 1360 2231 nerui,
1377 2202 1438 2223 non
1454 2191 1586 2225 latebunt
1604 2195 1772 2227 intrinsecus
1789 2193 1821 2227 ὅ(

354 2244 534 2277 extrinsecus
544 2245 738 2287 percorporis
748 2244 857 2275 cun&a
866 2242 1009 2285 dispositi,
1022 2245 1052 2271 8c
1062 2251 1130 2272 cum
1141 2250 1249 2272 caeteris
1256 2237 1356 2273 rebus,
1371 2248 1435 2280 quae
1448 2236 1489 2268 ibi
1505 2249 1624 2282 magnae
1636 2250 1724 2283 atque
1732 2241 1823 2271 mira·-

355 2288 427 2322 biles
438 2287 630 2325 videbuntur,
647 2289 804 2321 rationales
814 2298 929 2320 mentes
937 2288 966 2319 in
975 2287 1047 2319 tanti
1055 2283 1173 2318 artificis
1183 2282 1303 2317 laudem
1311 2281 1493 2316 rationabilis
1501 2283 1724 2328 pulchritudinis
1739 2283 1816 2318 dele·

354 2336 487 2367 statione
496 2333 674 2368 succendent
683 2349 693 2373 ;
702 2345 770 2367 vera
779 2333 818 2366 ibi
829 2334 936 2377 gloria,
946 2343 1031 2365 verus
1041 2329 1227 2369 homi-‚vera
1236 2339 1307 2372 pax,
1317 2326 1366 2360 vbi
1375 2326 1447 2360 nihil
1455 2326 1565 2362 aduersi
1575 2340 1629 2362 nec
1640 2331 1656 2362 52
1666 2331 1757 2373 scipso
1767 2337 1821 2361 nei:

355 2379 393 2411 ab
402 2379 502 2423 aliquo
511 2380 670 2424 quisquam
679 2381 817 2423 patietur,
833 2379 989 2422 praemium
998 2379 1114 2408 virtutis
1123 2377 1184 2419 ipse
1195 2375 1261 2414 erit,
1277 2375 1328 2418 qui
1337 2375 1477 2405 virtutem
1487 2371 1577 2411 dedit,
1592 2376 1617 2407 ei
1643 2387 1676 2408 ue
1685 2373 1820 2418 seipsum,

355 2435 417 2468 quo
426 2425 529 2458 melius
546 2425 576 2458 ὀ(
594 2426 686 2456 maius
702 2424 775 2456 nihil
792 2422 882 2468 possit
895 2420 961 2458 esse,
980 2420 1114 2465 promisit
1129 2435 1139 2459 5
1154 2420 1227 2465 quid
1237 2421 1276 2452 est
1284 2421 1364 2452 enim
1380 2418 1463 2451 aliud
1476 2419 1557 2462 quod
1569 2386 1819 2463 perci’rophetam
1833 2430 1859 2463 E

358 2470 443 2508 dixit,
460 2471 527 2513 Ego
536 2469 657 2502 illorum
669 2471 765 2505 Deus,
782 2471 811 2504 ὃ(
820 2468 872 2511 ipsi
883 2467 956 2499 mihi
967 2464 1154 2510 eruntplebs,
1169 2463 1221 2497 nisi
1231 2476 1288 2508 ego
1298 2475 1350 2496 ero
1362 2463 1441 2497 vnde
1449 2461 1595 2504 satientur,
1609 2476 1667 2508 ego
1677 2476 1729 2498 ero
1746 2476 1823 2508 quae-

358 2513 522 2558 cunqucab
532 2513 675 2546 omnibus
684 2513 806 2547 honeste
816 2513 1025 2549 desiderantur,
1040 2517 1069 2547 &
1078 2513 1151 2547 vita,
1161 2517 1191 2543 «sc
1202 2510 1286 2547 salus,
1304 2516 1334 2542 δι
1346 2511 1450 2548 νίξὶυε,
1465 2510 1496 2543 ὅ(
1505 2512 1605 2553 copia,
1621 2517 1651 2543 sc
1668 2510 1777 2553 gloria,
1791 2511 1822 2544 ὅ(

358 2560 472 2596 honor,
483 2560 512 2594 ὅ(
527 2572 599 2603 pax,
610 2559 640 2593 ὅ(
651 2561 752 2591 omnia
761 2559 862 2592 bona?
883 2560 930 2590 Sic
940 2559 1020 2590 enim
1029 2557 1060 2590 ὅ(
1069 2556 1140 2590 illud
1149 2556 1228 2588 reste
1236 2555 1406 2598 intelligitur
1414 2554 1496 2598 quod
1506 2557 1546 2587 ait
1554 2555 1730 2598 Apostolus,
1747 2566 1779 2587 vt
1789 2554 1823 2586 sit

357 2607 442 2638 Deus
451 2609 555 2637 omnia
564 2607 593 2637 in
603 2604 756 2641 omnibus,
772 2604 831 2648 ipse
840 2604 905 2635 finis
913 2604 968 2636 erit
976 2602 1188 2635 desideriorum
1197 2600 1374 2637 nostrorum,
1388 2600 1441 2642 qui
1450 2599 1509 2631 sinc
1517 2599 1576 2632 fine
1586 2600 1746 2638 videbitur,
1764 2598 1824 2632 sine

358 2650 476 2683 fastidio
485 2649 644 2688 amabitur,
656 2649 715 2682 fine
724 2647 1072 2694 fatigationelaudabitur
1089 2659 1097 2682 ς
1113 2646 1174 2679 hoc
1182 2657 1302 2684 munus,
1315 2644 1364 2677 hic
1373 2643 1508 2683 afflans,
1524 2645 1572 2676 hic
1586 2646 1667 2678 astus
1684 2644 1824 2688 profess&

358 2698 412 2728 erit
421 2694 577 2732 omnibus,
587 2694 656 2727 sicut
665 2693 723 2737 ipsti
733 2697 793 2728 vita
802 2705 910 2728 aeterna
919 2694 1102 2728 communis.
1120 2693 1189 2724 Nec
1200 2690 1365 2735 putandum
1382 2688 1466 2732 quod
1479 2690 1590 2729 audire,
1605 2702 1704 2723 mente
1713 2689 1826 2728 videre,

358 2745 389 2775 δὲ
398 2740 492 2783 legere
501 2743 529 2773 in
537 2740 716 2773 beatitudine
727 2740 933 2772 consummata
941 2739 1054 2772 realiter
1062 2736 1117 2770 sint
1126 2737 1249 2770 diuersa,
1259 2734 1330 2767 ficut
1339 2735 1454 2767 videtur
1463 2746 1498 2768 ex
1506 2735 1660 2768 autoritate
1670 2731 1824 2778 praemil'sa,

358 2785 424 2817 imo
433 2784 559 2819 fortassis
567 2796 621 2818 nee
632 2784 787 2818 beatitudo
797 2783 928 2828 petfefflt
935 2783 1027 2817 habet
1037 2794 1131 2827 partes
1138 2782 1254 2814 realiter
1261 2779 1504 2813 differeiites.Aut
1512 2781 1592 2813 enim
1601 2780 1699 2825 aliqua
1708 2780 1824 2812 illatum

358 2834 490 2877 partium
502 2830 569 2864 effet
577 2830 719 2876 perfecta,
728 2837 759 2864 δι
769 2831 805 2863 ad
815 2829 1047 2865 beatificandum
1057 2827 1251 2866 sufficiens&
1259 2825 1385 2858 tuncilla
1392 2825 1453 2858 sola
1461 2823 1622 2865 sufficeret3
1633 2836 1682 2858 aut
1690 2823 1826 2868 quaeli'bet

1638 2871 1825 2915 ι’ῐιιρεῐὶεᾶε,
