1985 3130
135 135 186 186 C
202 156 228 184 ii
247 155 289 185 P.
313 150 382 192 52.
797 137 875 189 De
890 139 1013 207 causi:
1033 142 1139 194 Dei.
1703 157 1785 220 837

152 241 180 274 Α
193 235 318 268 noluiise
333 232 481 267 mundum
491 244 563 266 tunc
570 234 638 268 effe.
660 234 722 268 Sed
729 245 791 278 qua
800 237 952 279 prioritate
966 242 976 267 ἓ
995 237 1075 273 Non
1083 242 1243 283 temporis,
1252 254 1314 276 non
1323 246 1504 285 aternitatis,
1513 257 1575 279 00„
1585 246 1675 280 dura.

193 283 284 314 tionis
294 279 474 318 successiuae,
489 278 537 311 sed
547 280 665 312 tantum
673 291 784 313 natur:
792 285 824 315 dt
832 280 939 321 causae,
956 282 1028 315 ficut
1036 282 1166 329 liiperius
1175 287 1215 320 est
1224 288 1384 323 ostensum.
1410 293 1458 323 De
1466 297 1611 335 potentiis
1618 304 1671 327 aur

191 338 252 361 tem
263 326 721 362 naturalibuswrrationalibux,
736 326 807 360 lice't
823 327 1168 369 przcedautnaruruliter
1181 332 1213 367 ἀ
1226 333 1377 368 caufiilner
1391 336 1458 369 suos
1474 340 1569 374 astus,
1584 340 1670 371 aliter

189 373 393 407 sentiendum.
415 372 458 404 lbi
466 380 597 416 namque
605 382 667 404 tion
673 374 714 405 est
721 371 839 405 libertas
845 373 1092 407 contradifflonis
1108 378 1145 409 ad
1160 379 1314 421 agendum
1324 386 1355 414 &e
1364 392 1427 414 non
1437 383 1588 427 agendum
1617 385 1667 417 {ed

190 421 346 453 neceisiias
354 417 745 456 antecedens‚iicutmnstat
752 428 790 451 ex
797 418 879 459 prius
886 418 1008 452 ostentis
1015 421 1147 454 secundo
1156 422 1244 457 huius
1251 426 1281 461 dt
1288 436 1409 470 quatro.
1419 428 1505 461 Licet
1512 409 1601 462 ctiani
1610 441 1667 475 po.

190 476 280 499 tentia
291 465 423 497 volutiiia
431 465 461 494 in
470 463 540 495 Deo
548 462 585 494 ad
596 461 693 507 fluum
702 462 850 506 praecedat
859 465 1087 508 quoquomodo
1095 468 1519 521 causshoersuumastum,quo
1528 475 1666 509 videlieet
1685 475 1699 514 ll
1714 476 1849 507 necetsaria

190 513 256 545 vult
264 512 292 543 sc
299 510 366 549 effe,
383 509 629 543 vult&amatiua
645 507 804 541 essentialia
814 510 950 542 vniuersa
967 524 978 549 ;
994 521 1057 542 nou
1073 523 1172 546 tamen
1189 518 1284 557 potest
1292 528 1343 549 aur
1352 520 1431 561 prius
1439 520 1593 553 causaliter
1606 532 1664 567 po·

189 559 246 591 ruit
254 567 317 588 non
328 555 366 588 fic
375 555 462 591 velle,
476 556 542 598 quia
552 565 604 597 per
611 554 736 588 modum
748 559 897 591 naturae&
905 557 1087 590 necessitatis
1093 560 1298 600 praecedentis,
1312 574 1376 597 non
1392 565 1535 598 libertatis
1544 576 1665 601 contra-

188 603 321 636 distorta:
330 604 369 635 ita
379 601 461 640 facit,
476 600 548 632 ficut
557 603 587 631 ὃ(
598 611 718 643 generat
727 612 818 644 arque
827 602 912 644 spirat
923 614 930 633 :
941 601 1145 637 Obieffloncs
1152 615 1252 638 autem
1261 612 1427 644 contrarias
1433 611 1589 656 possibiles
1597 613 1663 646 fieri

186 647 448 693 quadragesimum
458 650 575 679 tertium
585 648 672 689 primi
682 646 779 679 [oluit.

229 697 350 736 Qarta
358 697 467 725 veritas
477 693 542 726 latis
550 692 641 724 claret
648 703 685 724 ex
695 694 781 724 tertia
789 691 818 726 ὅ(
828 691 1007 735 probatione
1022 691 1112 735 ipsius
1130 705 1139 729 ;
1155 694 1318 731 secundum
1328 698 1472 743 siquidem
1482 714 1592 747 quarta
1602 703 1664 735 seri-

185 749 323 777 tentiam‚
338 737 459 772 forsitan
468 738 683 780 exponendum
694 739 767 770 illud
777 738 884 770 Psalmi
895 739 1025 775 secundi,
1038 739 1132 772 Filius
1145 752 1231 775 meus
1245 753 1277 775 es
1286 753 1328 784 tu,
1346 756 1406 789 ego
1414 746 1505 780 hodie
1515 752 1602 792 genui
1612 760 1659 781 tea

148 792 171 824 Β
187 787 339 818 nonenim
355 785 472 818 videtur
488 784 695 826 accipiendum
710 784 831 827 proprie
845 784 885 816 ibi
901 784 994 822 diem,
1013 795 1069 827 pro
1085 785 1134 819 die
1148 786 1289 821 fluxibilis
1301 799 1460 833 temporis,
1476 792 1522 827 sed
1539 807 1595 838 pro
1612 796 1661 827 die

185 830 233 864 seu
249 832 367 864 instanti
383 832 564 868 aeternitatis,
583 829 713 862 vbinihil
722 840 801 874 prius
810 840 862 861 aut
877 830 1203 872 posteriussuccelsiue,
1219 835 1443 879 sicutpraemiffa
1457 840 1513 871 isto
1527 841 1660 884 capitulo

184 878 215 912 ὅ(
225 878 367 919 proximo
374 873 562 909 manifestarit
580 888 588 905 :
603 876 731 919 quare&
741 876 1192 919 Augustinusilludexponendo
1207 879 1247 912 fic
1254 883 1294 913 ait
1309 894 1320 920 ;
1337 882 1441 916 Hodie
1453 887 1521 928 quia
1537 892 1661 929 praelen-
1680 887 1843 927 Augfflinus.

183 925 254 956 tiam
277 922 436 967 fignificat,
457 933 545 965 atque
559 922 589 953 i'n
606 923 769 955 aetcrni'tate
786 932 839 954 nec
854 932 1036 966 praetcritum
1056 925 1215 968 quicquam
1229 927 1269 958 est
1282 926 1361 969 quafi
1377 929 1434 963 effe
1449 929 1582 971 desierit,
1604 942 1660 965 nec

184 970 318 1002 futurum
334 967 414 1014 quali
425 967 563 1001 nondum
581 965 625 1003 iit,
641 967 688 999 sed
705 966 832 1010 praesens
847 967 978 1004 tanturn,
996 969 1067 1012 quia
1082 970 1226 1014 quicquid
1240 981 1385 1005 aeternum
1403 977 1460 1014 est,
1479 975 1596 1019 semper
1608 978 1660 1016 est,

183 1016 326 1048 diuinitus
341 1014 479 1057 accipitur
491 1012 655 1046 secundum
665 1013 738 1046 illud
748 1013 882 1048 dietum,
904 1013 970 1056 Ego
987 1014 1081 1046 hodie
1094 1017 1185 1057 genui
1199 1026 1245 1052 te,
1261 1028 1325 1061 quo
1343 1022 1553 1062 tempiicrnam
1569 1034 1659 1066 gene.

181 1061 455 1093 rationemvirtutis
468 1059 499 1092 ὃ(
515 1058 662 1103 lapieiitiae
679 1060 748 1095 Dei,
768 1061 819 1102 qui
833 1060 871 1091 est
890 1060 1061 1102 vnigenirus
1078 1059 1188 1100 Filius,
1206 1061 1279 1096 fides
1298 1064 1490 1099 sincerissima
1508 1074 1539 1101 3(
1555 1068 1659 1102 catho-

180 1107 235 1138 lica
251 1106 398 1148 praedieat.
425 1104 529 1138 Hodie
549 1115 623 1148 ergo
644 1105 856 1137 instantaneam
872 1104 1054 1148 praesentiam
1069 1110 1238 1141 aeterniiati's
1255 1108 1407 1153 designat,
1431 1114 1576 1147 &tamen
1594 1125 1657 1146 non

181 1152 254 1186 dicit
271 1151 362 1185 hodie
376 1152 471 1195 gigno
489 1162 535 1192 te,
552 1150 635 1196 quod
652 1161 751 1182 tamen
772 1150 918 1183 verissime
932 1150 1089 1188 diceretur,
1105 1153 1166 1191 led,
1183 1153 1289 1186 Hodie
1305 1159 1395 1198 genui
1411 1168 1449 1196 te,
1467 1170 1499 1191 vt
1515 1158 1659 1204 significet

180 1197 292 1230 nullam
306 1196 361 1231 effe
378 1198 565 1241 prioritatem
582 1197 778 1239 temporalem
796 1197 843 1227 seu
858 1194 870 1224 ll
878 1196 1037 1227 duranum
1054 1197 1148 1230 Patris
1166 1199 1204 1232 ad
1219 1200 1326 1232 Filium
1339 1226 1347 1241 ‚
1368 1203 1439 1235 ficut
1454 1206 1579 1248 quidam
1596 1205 1657 1238 hae-
1678 1208 1821 1246 {lduratio—

178 1245 261 1276 retici
271 1242 450 1276 &brienum
461 1267 470 1280 ‚
486 1240 535 1276 sed
550 1241 663 1274 tantum
682 1241 833 1285 quandam
850 1252 1034 1285 prioritatem
1051 1245 1175 1287 originis
1192 1245 1252 1277 fiue
1268 1245 1373 1286 causae,
1388 1248 1425 1281 de
1440 1251 1657 1292 quatricefimo
1679 1259 1749 1281 neni.

179 1288 298 1322 secundi
314 1290 428 1331 plenius
443 1286 647 1320 tractabatur:
668 1287 830 1320 secundum
848 1297 940 1330 quem
958 1288 1088 1320 modum
1112 1294 1142 1324 &
1166 1291 1301 1334 Angelus
1315 1304 1397 1325 nunc
1412 1296 1513 1337 primo
1527 1307 1657 1336 creatus,

139 1335 166 1366 C
179 1332 363 1378 cognoscens
372 1335 402 1369 ἃ
411 1334 515 1368 volens
522 1333 618 1378 possct
628 1333 727 1366 dicere
733 1335 811 1366 astui
821 1331 873 1365 suo
885 1355 894 1369 ‚
918 1334 986 1378 Ego
997 1344 1078 1367 nunc
1086 1336 1116 1367 in
1123 1335 1184 1368 hoc
1192 1336 1328 1380 praesenri
1336 1340 1454 1373 instanti
1464 1352 1553 1387 genui
1562 1354 1590 1375 te
1598 1344 1658 1376 siue

200 1381 322 1413 roduxi.

177 1392 198 1425 P
223 1426 285 1459 Pro
293 1426 396 1470 quinta
404 1423 478 1458 vert}
488 1424 638 1457 sciendum
649 1423 736 1468 quod
748 1423 857 1468 duplex
868 1425 907 1457 est
917 1420 1200 1465 necessitas‚scilicet
1209 1429 1393 1471 praederis,
1401 1429 1572 1475 &sequens,
1584 1433 1656 1467 ficut

174 1471 308 1505 secundo
318 1472 408 1505 huius
417 1475 447 1506 δι
457 1471 526 1514 post
536 1474 638 1514 saepius
646 1469 800 1502 dicebatur
815 1483 825 1507 ;
841 1472 909 1503 ideo
917 1470 1185 1515 correspondenter
1195 1474 1307 1517 duplex
1315 1477 1356 1508 est
1364 1479 1658 1521 potentia‚possib1'11-

174 1520 278 1556 ras,seu
288 1516 532 1561 potestach'ili‘cet
540 1516 715 1560 praecedens
723 1515 754 1549 ὅ(
761 1515 1072 1560 sequens.Praecedens
1081 1520 1121 1551 est
1128 1518 1208 1562 quali
1216 1522 1365 1555 contraria
1375 1521 1540 1557 necessitati
1549 1537 1657 1567 praeee-

175 1563 268 1601 denti,
283 1575 344 1608 qua
359 1563 476 1599 (cilicet,
491 1562 586 1606 posita
603 1564 740 1607 P⁰tcritia
749 1561 794 1594 seu
801 1559 885 1595 causa
893 1561 1237 1599 aetiuaiufficientissime
1248 1576 1421 1611 praeparata.
1438 1570 1656 1615 quatenus-ipsa

173 1610 305 1654 precedit
315 1609 484 1643 naturaliter
492 1613 523 1640 δε
531 1609 683 1642 causaliter
690 1607 774 1640 suurn
781 1606 1040 1652 astum,possibile
1047 1611 1087 1642 est
1094 1609 1256 1644 secundum
1266 1615 1544 1648 contradictionem
1552 1619 1655 1650 astum

173 1655 312 1698 produci,
326 1655 358 1690 ὃ(
371 1666 434 1687 non
444 1654 582 1698 produci,
599 1656 669 1697 quia
678 1665 741 1686 non
751 1656 791 1686 est
799 1652 839 1686 ibi
849 1654 1003 1687 necessitas
1011 1657 1205 1694 antecedens,
1220 1657 1269 1692 sed
1277 1661 1485 1704 contingentia
1494 1661 1532 1695 ad
1542 1672 1655 1695 vti-um-

172 1701 256 1739 liber,
266 1707 296 1735 &
307 1701 426 1734 libertas
434 1700 690 1739 contradie‘tionis‚
699 1699 771 1732 ficut
778 1702 808 1732 in
817 1699 985 1732 ostensione
993 1704 1086 1734 tertiae
1095 1701 1257 1736 dicebatur.
1269 1703 1411 1739 Potentia
1421 1716 1520 1739 autem
1531 1706 1653 1751 sequens

172 1746 258 1780 firnili
270 1747 366 1780 modo
373 1748 542 1790 opponitur
550 1748 714 1779 necessitati
723 1744 866 1790 sequenti.
891 1745 1035 1780 Potentia
1044 1758 1133 1780 etiarn
1144 1749 1403 1785 uudembsolute
1416 1763 1475 1784 con
1481 1751 1602 1786 fiderat&
1612 1756 1653 1787 est

172 1796 310 1836 potentia
318 1795 426 1827 ael-ina,
440 1802 590 1836 quatenus
606 1791 744 1834 praecedit
754 1792 868 1831 aetum,
884 1792 1089 1826 neclimitatur
1099 1805 1151 1827 aut
1158 1794 1375 1829 determinatur
1384 1808 1437 1841 pei·
1445 1798 1567 1841 aliquid.
1591 1799 1652 1831 Po·

172 1840 265 1872 tentia
273 1838 347 1872 νει-ὸ
353 1837 485 1872 absoluta
494 1837 544 1869 seu
552 1848 613 1871 non
622 1838 829 1881 repugnantiae
843 1838 902 1870 dici
916 1839 1025 1880 potest,
1040 1850 1101 1883 qua
1115 1840 1374 1884 possibiledicitur
1383 1844 1525 1887 quicquid
1535 1854 1653 1878 contra-

117 1883 149 1916 D
172 1884 337 1918 distionem
345 1885 376 1919 ἁ
384 1885 612 1928 repugnantiam
623 1882 860 1915 formaliternon
876 1883 999 1916 includit
1014 1884 1044 1917 in
1059 1885 1272 1930 consequentia
1280 1887 1361 1920 bona
1371 1887 1540 1932 {impliciter
1549 1890 1579 1924 6(
1589 1889 1652 1922 for—

170 1930 253 1964 mali.
269 1930 307 1964 de
336 1940 373 1962 ua
380 1932 481 1974 primo
488 1931 574 1972 primi
584 1930 612 1961 in
622 1928 789 1962 ostensione
798 1931 901 1971 primae
911 1929 1122 1973 suppositionis
1130 1932 1246 1974 plenius
1255 1932 1421 1971 dicebatur,
1438 1935 1467 1969 ὅ(
1475 1938 1573 1967 corre(
1576 1947 1650 1978 pon·

169 1975 221 2009 det
229 1942 391 2009 necesllirio
401 1973 571 2018 (impliciter
584 1974 615 2008 ὅ(
630 1972 901 2017 penitusablblute,
917 1975 1002 2018 quod
1012 1975 1117 2008 scilicet
1134 1988 1194 2010 non
1205 1979 1273 2017 effe,
1289 1983 1519 2024 repugnantiam
1530 1991 1651 2014 contra-

170 2021 310 2055 distionis
324 2020 490 2055 formaliter
505 2020 642 2063 implicat
660 2022 689 2055 ὅ(
706 2020 832 2052 inuoluit
847 2031 854 2051 :
874 2022 953 2054 vnde
968 2021 1171 2066 Philosophus
1192 2033 1220 2056 1.
1238 2024 1332 2057 Prior.
1349 2024 1453 2058 definit
1466 2029 1648 2069 contingens

167 2067 346 2111 oppositum
361 2067 522 2100 necessario
535 2067 589 2099 isto
603 2065 699 2098 modo
722 2077 731 2099 ;
755 2065 822 2098 dico
836 2076 934 2099 autem
957 2070 1134 2110 contingere
1149 2069 1196 2100 vel
1211 2072 1407 2114 contingens,
1433 2082 1498 2114 quo
1522 2082 1584 2103 non
1601 2084 1649 2105 ex·

167 2113 271 2147 iitente
285 2114 463 2151 necessario,
479 2111 585 2144 scilicet
600 2110 751 2146 absolut‘e,
777 2111 874 2154 polito
891 2123 991 2145 tamen
1006 2116 1035 2144 iii
1053 2114 1127 2151 eise,
1149 2113 1223 2145 nihil
1239 2118 1293 2148 erit
1315 2125 1439 2160 propter
1456 2116 1515 2149 hoc
1539 2117 1648 2161 impos-

167 2157 249 2192 sibile
268 2170 277 2193 ς
293 2157 472 2202 quopofito,
486 2158 592 2203 inquit.
608 2158 637 2189 in
655 2154 721 2193 effe,
738 2155 845 2189 scilicet
862 2169 912 2201 per
927 2158 1008 2191 illam
1024 2158 1150 2203 speciem
1159 2160 1366 2204 obligationis,
1390 2171 1457 2205 qiiae
1474 2161 1584 2204 positio
1593 2174 1647 2195 no-

166 2206 314 2244 minatur,
329 2204 404 2238 nihil
417 2205 481 2242 erit,
497 2203 587 2241 idest,
601 2202 715 2236 accidet
730 2204 760 2234 iti
776 2206 988 2246 consequentia
997 2203 1117 2237 formali
1137 2204 1305 2247 fimpliciter
1322 2207 1520 2251 impossibile,
1536 2207 1646 2240 scilicet

166 2250 499 2293 simplicum-&penitus
507 2247 655 2286 absolute,
671 2248 757 2293 quod
773 2249 1046 2283 contradictionem
1063 2250 1230 2284 formaliter
1244 2253 1378 2296 implicet
1392 2253 1566 2286 &includat
1593 2253 1645 2286 Ab

167 2295 224 2329 hac
239 2306 339 2329 autem
353 2297 489 2340 petentia
502 2291 638 2327 absoluta
654 2300 684 2327 &c
703 2304 765 2327 non
783 2304 1006 2337 repugnantiae,
1029 2307 1103 2338 puto
1119 2298 1218 2328 Deum
1234 2297 1292 2329 dici
1307 2308 1552 2340 omnipotentem
1562 2308 1646 2332 vera-

167 2339 413 2385 citeratqueesse.
434 2340 493 2372 His
508 2341 597 2384 igitur
609 2337 850 2381 expolitionibus
865 2342 1025 2374 nominum
1042 2340 1214 2386 praelibatis‚
1230 2342 1292 2374 baec
1308 2353 1414 2387 quinta
1424 2354 1529 2376 veritas
1545 2343 1646 2387 depo-

113 2401 137 2433 Ε
167 2387 334 2420 sterioribus
344 2386 524 2419 Deivolutis
538 2385 697 2424 intellefflt,
710 2396 760 2428 per
776 2396 909 2429 quartam
925 2389 955 2422 6(
974 2386 1190 2430 probationem
1206 2389 1284 2421 illius
1297 2388 1463 2421 ostenditur
1478 2389 1644 2424 manifeste.

165 2434 245 2477 Qs
252 2436 361 2466 etenim
371 2431 490 2464 dubitat
497 2431 534 2465 ad
546 2431 735 2464 volutionem
749 2432 805 2463 Dei'
815 2431 853 2464 ad
863 2443 945 2466 extra
953 2444 1017 2466 non
1027 2431 1082 2464 effe
1091 2433 1290 2467 necessitatem
1301 2433 1531 2476 praecedentem,
1551 2435 1599 2466 led
1611 2435 1644 2467 li-

165 2478 310 2512 bertatem
326 2477 572 2511 contradictionis
585 2476 784 2521 purissimam,
803 2488 893 2520 quare
904 2478 936 2513 ἀ
950 2489 1084 2522 potentia
1101 2479 1286 2523 praecedente
1300 2479 1465 2512 secundum
1483 2479 1645 2524 expolitio-

164 2535 235 2558 nem
245 2526 387 2567 potentiae
394 2522 589 2568 praecedentis
598 2520 788 2565 praemissam,
802 2524 898 2566 ipsum
913 2524 996 2567 poffe
1010 2525 1089 2557 nolle
1102 2525 1189 2568 quod
1205 2525 1243 2558 fic
1252 2525 1315 2557 vult
1334 2531 1343 2555 ἓ
1360 2527 1439 2569 Qs
1458 2537 1546 2558 etiam
1562 2527 1644 2558 dixe-

164 2572 202 2604 rit
209 2571 308 2604 Deum
317 2572 574 2612 omnipotentem,
588 2579 735 2613 quantum
745 2570 784 2601 est
792 2568 829 2601 de
837 2571 950 2602 ratione
959 2568 1013 2603 suae
1023 2571 1163 2614 potentie
1171 2572 1250 2604 nude
1259 2575 1289 2605 &
1296 2569 1431 2604 absolute
1439 2571 1643 2609 considerata»,

164 2615 214 2650 seu
222 2619 312 2648 etiam
320 2614 357 2648 de
372 2619 506 2659 petentia
515 2612 662 2651 absoluta,
678 2624 729 2646 aut
743 2625 805 2647 non
823 2625 1028 2658 repugnantiae
1043 2613 1206 2649 secundum
1222 2615 1422 2659 expositiones
1432 2619 1560 2660 priores,
1579 2629 1642 2651 non

163 2662 248 2708 posle
256 2661 349 2700 nolle,
365 2659 448 2703 quod
464 2659 503 2693 fic
514 2659 579 2692 vult
595 2666 603 2690 ?
620 2659 713 2692 Vnde
726 2660 757 2694 ἃ
777 2658 931 2693 Iohannes
947 2662 1055 2694 Scottis
1073 2660 1156 2704 super
1172 2662 1406 2695 i.sentent.dist.
1418 2673 1469 2706 40.
1486 2662 1642 2707 proposita

163 2708 341 2752 quaestione,
358 2707 470 2739 Vtrum
487 2704 706 2751 praedestinatus
721 2703 811 2748 possic
825 2705 973 2743 damnari,
989 2706 1199 2751 respondendo
1212 2707 1315 2752 primo
1331 2707 1419 2747 dicit,
1435 2708 1521 2751 quod
1531 2709 1643 2753 praede-

163 2754 283 2787 stinatio
298 2753 420 2796 proprie
429 2749 546 2796 sumpta
560 2751 633 2784 dicit
647 2753 748 2784 astum
764 2751 927 2785 voluntatis
941 2752 1062 2790 diuinae,
1080 2752 1185 2787 scilicet
1194 2754 1375 2787 electionem
1390 2755 1513 2787 alicuius
1529 2763 1642 2787 creatu-

164 2809 204 2832 rae
218 2797 422 2831 intetleetualis
432 2798 479 2830 seu
488 2797 642 2830 rationalis
650 2795 690 2828 ad
698 2799 822 2840 gratiam
832 2797 863 2831 ὅ(
880 2796 1008 2841 gloriam
1027 2811 1035 2832 :
1053 2799 1196 2832 Secundo
1204 2799 1356 2843 distinguit
1365 2800 1558 2842 quaestionem
1569 2810 1643 2843 pro—

163 2843 294 2890 positam
303 2842 726 2886 secundumcompofirionem
742 2842 774 2878 ὅ(
789 2842 967 2877 diuisionem
983 2858 993 2884 ς
1008 2845 1038 2880 ὅ(
1053 2852 1167 2890 negato
1181 2843 1262 2880 sensu
1269 2844 1453 2890 composito,
1468 2843 1540 2879 dicit
1554 2843 1643 2896 quod

1612 2900 1645 2923 m
