1985 3130
234 188 320 237 752
854 162 1021 214 ‘Thomae
1029 161 1312 230 Bradwardi‘ni
1682 164 1756 215 Li
1770 186 1854 231 ιζ.

323 269 386 300 eius
395 266 520 305 docent,
534 267 565 301 ὅ(
572 275 642 309 quia
651 262 725 297 aliiss
734 272 796 294 non
805 258 876 294 esset
883 256 1182 304 omnip0tensquod
1190 257 1212 289 fi
1218 267 1356 301 ponatur,
1364 256 1515 301 responsio
1521 258 1693 294 destruetur.
1720 259 1798 295 Item
1816 262 1849 294 A

326 310 431 345 adem
442 314 558 345 ratione
568 309 663 355 posset
672 307 842 342 necessitate
852 306 880 338 se
889 304 1022 338 similiter
1029 303 1068 337 ad
1075 302 1242 336 volendum
1250 304 1353 336 omnia
1360 303 1471 341 sutura,
1487 308 1518 339 δι
1531 303 1568 336 ad
1576 306 1678 339 omnia
1686 306 1800 350 produ·

326 357 468 391 cendum.
488 356 570 398 Qs
576 366 651 399 ergo
662 354 747 387 nouit
758 350 872 385 sensiim
881 351 1021 387 Domini,
1031 349 1079 381 vel
1113 351 1156 382 uis
1163 346 1346 382 consiliarius
1354 350 1416 381 eius
1425 348 1480 382 fuit
1487 351 1644 382 intantum
1653 362 1684 384 vt
1692 351 1802 386 audeat

328 402 425 435 dicere
436 413 498 435 non
506 401 547 434 sic
556 401 625 433 feeit
641 406 649 430 ἒ
670 400 744 432 Item
754 397 858 431 eadem
867 398 982 430 ratione
990 361 1123 439 poffetse
1130 394 1306 426 necessitate
1316 393 1444 427 similiter
1452 394 1489 426 ad
1498 406 1561 428 non
1572 395 1756 435 faciendum,
1769 399 1802 433 ὅτ

328 446 570 491 impossibilitate
577 446 615 478 ad
624 444 795 478 faciendum
805 441 1010 487 quodcunque
1018 440 1102 484 quod
1110 451 1176 473 non
1184 441 1224 472 cst
1232 439 1371 475 fassurus,
1381 439 1412 472 ἂ
1420 442 1459 472 ita
1466 438 1561 483 posset
1569 440 1692 474 reddere
1700 444 1804 475 omni-

327 503 485 536 potentem
495 501 556 524 tam
564 493 774 535 impotentem,
792 499 822 521 vt
831 499 896 519 non
906 487 999 530 possit
1006 486 1105 518 leuare
1114 484 1270 522 festucam,
1283 483 1419 518 volendo
1434 484 1542 518 scilicet
1557 486 1585 518 se
1593 489 1756 521 necessitari
1762 486 1802 522 ad

328 538 495 572 volendum
503 546 660 580 nunquam
669 535 768 568 leuare
783 534 936 570 festucam,
950 531 998 563 vel
1011 530 1245 574 impossibilitati
1259 529 1297 561 ad
1313 529 1480 562 volendum
1499 531 1528 562 se
1541 529 1639 564 leuare
1649 531 1803 568 festucam.

329 583 403 616 Item
413 583 482 616 cum
492 582 578 615 Deus
588 593 652 614 non
660 579 751 624 possit
760 577 927 612 necessitati
940 576 978 608 ad
995 575 1164 609 volendum
1173 575 1283 609 futura,
1299 580 1330 610 δι
1339 575 1433 618 potest
1443 575 1482 607 ad
1491 574 1657 620 praesentia,
1674 577 1706 612 ὃ(
1720 578 1804 613 nulla

329 630 413 661 causa
421 640 457 662 ex
467 637 549 671 parte
556 628 615 660 Dei
623 624 777 659 'intrinseca
786 624 880 668 potest
892 622 967 661 dari,
980 632 1103 665 propter
1117 619 1389 653 immutabilitatem
1396 622 1460 654 eius
1468 621 1692 663 omnimodam,
1704 623 1805 668 aliqua

330 672 417 705 causa
425 675 588 706 extrinseca
598 673 652 705 erit
658 668 769 709 danda,
782 670 812 704 ὃ(
821 668 902 702 nulla
911 666 964 701 nisi
973 678 1017 700 res
1026 678 1122 706 extra,
1139 665 1211 698 sicut
1221 664 1370 708 responsio
1380 666 1479 711 prima
1487 666 1571 701 dixit.
1594 667 1671 701 Item
1680 680 1724 702 tes
1733 679 1804 713 prz-

330 717 394 751 sens
404 718 450 751 vcl
459 718 606 763 praeterita
615 713 774 749 necessario
783 712 1023 757 praesupponitur
1031 712 1069 744 ad
1076 712 1161 744 istam
1170 711 1372 744 necessitatem
1380 713 1411 743 in
1419 711 1575 745 voluntate
1585 712 1686 747 diuina
1703 725 1713 748 ς
1727 724 1804 758 ergo

329 765 368 797 est
375 764 474 809 aliqua
482 761 566 796 causa
574 762 663 801 illius,
681 761 753 794 sicut
760 757 904 793 ostensum
911 757 1006 791 suerat
1012 768 1121 801 quarto
1129 759 1230 800 primi,
1244 757 1275 791 ὅ(
1283 755 1321 789 fic
1329 755 1481 800 responsio
1490 759 1585 801 prima
1594 758 1679 792 redit.
1694 761 1804 803 Quarti

329 807 560 843 vcroaffitmant
569 807 630 840 hoc
638 806 696 840 esse
704 816 740 839 ex
749 815 832 850 parte
840 803 925 837 modi
935 803 1058 837 volendi
1065 806 1094 835 in
1103 803 1183 835 Deo.
1198 803 1311 834 Dicunt
1318 804 1401 835 enirn
1411 802 1496 846 quod
1506 803 1567 836 vult
1576 803 1710 838 futurum
1719 803 1804 849 quasi
1818 795 1840 828 Β

331 854 442 892 future,
450 853 555 886 scilicet
563 864 616 897 pct
624 852 713 885 talem
723 852 825 884 astum
836 849 909 882 volo
919 848 976 881 hoc
984 851 1050 882 iore
1066 858 1076 883 ὅ
1092 848 1218 892 praesens
1233 847 1307 880 veto
1317 849 1346 882 ὅ(
1357 850 1537 892 praeteritum
1548 848 1629 894 quasi
1636 851 1805 894 ptaesentia-

331 899 395 932 litet
402 905 432 932 ει
442 899 598 943 ptaeterite,
606 896 638 932 id
646 897 698 934 est,
706 906 756 942 pet
766 895 837 929 tales
844 897 927 928 ac‘tiis
935 895 1010 927 volo
1019 894 1078 927 hoc
1086 893 1154 931 esse,
1168 892 1240 925 volo
1248 891 1309 924 hoc
1317 891 1399 927 fnisse
1412 905 1421 930 ;
1433 905 1564 937 quorum
1573 897 1737 928 modorum
1746 898 1805 940 pri·

333 955 412 982 rnus,
422 955 454 977 vt
463 943 651 982 dieunt,facit
659 941 823 975 libertatem
832 939 997 974 secundum
1007 937 1341 977 contradictionem‚a1ij
1352 939 1426 972 vero
1436 937 1634 975 necessitatem
1642 940 1804 974 secundum

333 990 453 1023 alteram
463 1000 574 1033 partem
582 987 710 1022 tautum.
735 986 795 1019 Sed
804 986 878 1019 istud
888 997 951 1018 non
961 987 1000 1018 est
1011 995 1127 1023 vetum,
1134 985 1202 1027 quia
1211 994 1339 1016 omnino
1348 983 1489 1024 fimili'ter‚
1500 985 1530 1019 ὃ(
1539 996 1600 1018 non
1609 987 1690 1019 aliter
1698 987 1805 1020 intrin-

334 1035 397 1069 sece
408 1035 470 1068 vult
480 1033 582 1078 primo
591 1033 651 1067 hoc
659 1030 872 1072 sore‚sccundo
881 1029 941 1065 hoc
947 1029 1015 1067 esse,
1023 1035 1054 1065 &
1062 1029 1150 1064 tertio
1159 1028 1221 1062 hoc
1229 1028 1312 1062 fuisse
1322 1041 1330 1062 ε
1341 1029 1413 1062 alias
1422 1033 1504 1062 enim
1513 1031 1669 1065 intrinsece
1678 1042 1805 1067 mutare-

334 1091 391 1120 tur,
399 1091 502 1113 contra
509 1081 659 1123 quintum,
667 1075 841 1111 vicesimum
849 1077 979 1114 tertium,
988 1077 1019 1111 &
1028 1074 1202 1109 vicefimum
1211 1076 1350 1118 quintum
1360 1077 1458 1117 primi.
1469 1077 1544 1110 Itern
1554 1075 1573 1108 si
1583 1078 1664 1110 Deus
1672 1077 1806 1111 aliterin—

149 1139 162 1177 Η
172 1138 258 1168 forent
332 1126 455 1159 trinsece
466 1125 552 1159 vellet
562 1125 721 1168 praeterita‚
730 1123 893 1167 praesentia,
902 1122 932 1157 ὅ(
940 1120 1050 1160 futura,
1057 1121 1142 1153 aliter
1149 1120 1307 1153 intrinsece
1316 1131 1349 1152 ea
1358 1119 1371 1164 ΙΙ
1378 1122 1469 1162 (ciret,
1486 1132 1591 1154 contra
1598 1133 1681 1167 paug
1689 1123 1807 1155 ostensa

331 1169 475 1203 vicesimo
484 1171 570 1204 tertio
578 1177 609 1203 δε
619 1167 762 1203 vicesimo
771 1178 877 1212 quarto
883 1168 985 1211 primi.
1007 1167 1081 1200 Item
1089 1165 1140 1199 etsi
1149 1165 1189 1198 illi
1199 1165 1284 1198 modi
1293 1165 1415 1198 volendi
1422 1167 1511 1200 effent
1520 1166 1637 1208 diuerfi‚
1647 1167 1727 1200 nulla
1736 1166 1806 1212 pos2

332 1217 374 1250 set
381 1214 467 1249 causa
476 1217 631 1249 intrinseca
639 1213 791 1258 assignari,
808 1223 899 1257 quare
908 1223 982 1245 vnus
991 1209 1059 1245 esset
1066 1210 1178 1245 liber&
1187 1221 1250 1243 non
1260 1211 1345 1249 alius,
1359 1213 1507 1255 cognitio,
1516 1215 1653 1256 potentia
1661 1212 1809 1250 volutiua,

333 1268 364 1295 δε
373 1263 476 1295 omnia
487 1261 643 1293 intrinseca
652 1258 791 1303 requisita
799 1256 855 1290 sint
863 1259 946 1301 aeque
956 1259 1104 1301 potentia,
1113 1256 1199 1301 aeque
1207 1254 1352 1293 efficacia,
1361 1261 1392 1288 &
1401 1268 1452 1301 per
1459 1268 1562 1291 omnia
1571 1260 1656 1302 :eque
1666 1257 1751 1292 firma
1759 1268 1808 1291 re·

333 1308 433 1350 speetu
443 1309 541 1344 vuius,
558 1305 629 1339 sicut
637 1304 808 1348 &respectu
819 1303 950 1342 alterius,
965 1314 1019 1337 ncc
1034 1303 1130 1346 potest
1143 1300 1285 1345 assignari
1298 1302 1381 1335 musa
1388 1304 1561 1342 extrinseca,
1574 1307 1641 1347 quia
1651 1314 1721 1337 tunc
1729 1304 1808 1336 redi·

332 1363 376 1385 ret
385 1354 481 1394 prima
490 1349 642 1395 responsio
652 1350 701 1382 vel
709 1348 846 1382 secunda.
864 1347 943 1380 Item
958 1349 1040 1381 Deus
1050 1347 1113 1380 vult
1121 1346 1339 1391 praesentialiter
1346 1346 1427 1381 hunc
1436 1349 1580 1381 viatorem
1593 1347 1649 1381 esse
1657 1348 1805 1393 praedeffl-
1816 1349 1846 1383 C

332 1408 451 1436 natum,
466 1398 496 1432 ὅ(
506 1397 651 1440 praeterite
660 1394 741 1428 hunc
748 1393 832 1428 fuisse
841 1392 1094 1438 praedestinatum‚
1102 1404 1174 1436 ergo
1184 1392 1248 1425 vult
1257 1391 1484 1426 necessarioisti's
1492 1392 1682 1438 modis‚ergo
1689 1394 1740 1427 istc
1746 1396 1806 1429 via-

333 1454 382 1476 tor
389 1440 550 1476 necessario
561 1442 601 1474 est
611 1440 842 1485 praedestinatus,
858 1449 946 1482 quare
958 1437 989 1473 ὅ(
997 1437 1152 1472 necess‘ario
1161 1439 1200 1472 est
1207 1436 1378 1479 saluandus,
1394 1439 1463 1471 cum
1475 1438 1538 1472 baec
1547 1439 1640 1472 ambo
1647 1450 1685 1473 ex
1692 1450 1808 1475 antece-

334 1488 425 1523 dente
433 1485 591 1521 neceffario
606 1484 768 1520 necessario
781 1483 1011 1562 conseauantur.
1034 1484 1071 1517 Et
1085 1483 1217 1516 similiter
1231 1483 1330 1525 potest
1348 1486 1434 1528 argui
1448 1485 1486 1518 de
1502 1496 1686 1531 quocunque
1693 1486 1807 1526 futuro,

333 1533 415 1577 quod
423 1535 516 1577 ipsum
525 1530 683 1567 necessarie>
691 1533 800 1570 veniet,
815 1530 868 1573 qui
896 1540 913 1562 e
920 1541 1106 1574 quocunque
1115 1529 1163 1562 tali
1172 1529 1257 1562 Deus
1267 1528 1298 1563 ἂ
1306 1529 1369 1561 vult
1377 1530 1594 1574 praesentialitet
1609 1535 1641 1563 δε
1656 1531 1805 1575 ρῐτιεεὶῐὲ

333 1578 431 1612 voluit
438 1578 510 1612 tales
516 1576 740 1621 propositiones
749 1577 806 1609 esse
813 1585 896 1609 veras
902 1572 1045 1619 fuisseque
1052 1586 1147 1612 verax,
1154 1573 1214 1607 hoc
1221 1575 1283 1612 erit.
1291 1573 1332 1608 est
1340 1587 1463 1615 verum;
1477 1574 1540 1608 hoc
1546 1577 1610 1615 erit,
1618 1576 1672 1609 suit
1681 1587 1784 1610 verum
1793 1590 1807 1617 ;

333 1635 428 1673 quare
435 1621 595 1657 necessario
602 1623 705 1657 vult&
713 1621 810 1655 voluit
818 1622 877 1655 istis
884 1619 1078 1659 modis,vnde
1085 1620 1244 1654 necessario
1254 1621 1384 1665 sequitur
1391 1621 1473 1665 quod
1481 1620 1540 1654 hoc
1546 1624 1612 1656 etit.
1633 1622 1673 1655 Et
1680 1622 1760 1655 idem
1766 1623 1809 1655 est

335 1670 356 1700 ii
366 1669 404 1701 A.
415 1679 546 1713 ponatur
553 1669 688 1707 volutio,
704 1679 763 1713 qua
769 1669 851 1702 Deus
861 1665 925 1699 vult
932 1664 993 1699 hoc
1000 1666 1077 1703 fore,
1094 1668 1124 1702 ἀ
1131 1667 1166 1699 Β.
1173 1665 1292 1699 volutio
1300 1677 1362 1712 qua
1368 1667 1432 1699 vult
1439 1668 1481 1700 A.
1491 1664 1547 1700 effe
1557 1667 1605 1701 vel
1613 1667 1707 1704 fuisse,
1720 1666 1808 1711 quod

334 1714 370 1747 Β.
378 1716 418 1747 est
427 1712 581 1748 necessaria
589 1720 650 1748 acc.
659 1713 828 1758 sicurprius.
855 1713 958 1755 Qare
971 1711 1020 1750 alii
1039 1711 1254 1756 perpendentes
1266 1711 1383 1745 causam
1397 1711 1574 1746 necessitatis
1581 1710 1730 1758 praemiss‘ae
1740 1724 1807 1745 non

335 1758 418 1803 posse
427 1759 751 1801 sufficientetassi'gnan
759 1769 796 1791 ex
806 1767 887 1800 parte
893 1760 935 1789 rei
943 1755 1046 1797 solius,
1053 1769 1106 1791 nec
1113 1758 1172 1790 Dei
1181 1756 1282 1796 solius,
1290 1755 1438 1801 assignant
1446 1769 1513 1791 eam
1521 1760 1638 1792 mixtim
1647 1758 1728 1793 inde.
1745 1757 1806 1791 Sed

334 1804 570 1848 praecedentibus
577 1804 719 1840 stantibus
727 1803 803 1838 istud
812 1804 885 1836 stare
899 1814 963 1835 non
978 1804 1085 1847 potest,
1098 1811 1244 1847 quoniam
1253 1803 1353 1836 omnis
1367 1800 1488 1837 effeetus
1503 1802 1639 1838 causatus
1654 1806 1671 1837 a
1686 1801 1804 1837 duabus

336 1850 440 1888 causis,
448 1861 498 1883 aut
507 1849 640 1885 causatur
649 1852 754 1894 partim
763 1849 802 1882 ab
810 1859 869 1881 vna
876 1849 906 1883 ὃ(
915 1850 1024 1891 partim
1031 1847 1068 1881 ab
1076 1846 1145 1888 alia,
1161 1859 1212 1881 aut
1219 1845 1257 1879 ab
1273 1858 1398 1892 viraque
1406 1847 1568 1882 secundum
1576 1849 1603 1882 se
1611 1861 1722 1889 totum,
1733 1847 1805 1882 sicut

335 1897 418 1929 actus
425 1896 587 1929 voluntatis
595 1907 694 1930 creatae
704 1905 787 1928 totus
795 1890 920 1927 efficitur
928 1893 945 1926 ὲ
954 1893 1107 1927 voluntate
1114 1904 1210 1927 creata
1218 1894 1248 1928 ἃ
1256 1903 1337 1926 totus
1345 1892 1382 1926 ab
1389 1896 1515 1928 inermia
1524 1892 1664 1934 similiter,
1676 1894 1747 1928 ficut
1755 1905 1805 1926 co—
1821 1899 1850 1934 D

335 1941 489 1974 rollarium
501 1952 551 1975 ιο.
560 1940 677 1975 secundi
686 1939 874 1976 monstrauit,
890 1938 937 1972 sed
945 1940 1099 1973 necessitas
1113 1935 1198 1982 supra
1211 1939 1289 1971 dicta
1304 1950 1368 1971 non
1378 1941 1509 1973 causatur
1518 1939 1693 1984 partibiliter
1706 1938 1745 1972 ab
1759 1938 1807 1973 his

337 1998 390 2019 cau
396 1985 438 2023 sis.
454 1989 521 2030 quia
530 1987 611 2020 nulla
621 1985 717 2030 potest
725 1985 764 2019 ibi
773 1984 947 2029 partibilius
953 1982 1105 2028 assignari.
1129 1984 1200 2017 Nec
1213 1984 1310 2029 potest
1327 1986 1391 2028 quis
1406 1984 1519 2028 fingere
1535 1985 1618 2030 quod
1628 1985 1805 2031 partibilitas

336 2031 572 2066 similitudinaria
582 2033 796 2075 &imaginaria
804 2029 965 2063 secundum
974 2029 1173 2063 intensionem
1190 2031 1220 2065 ἂ
1236 2027 1442 2063 remissionem
1452 2030 1490 2062 est
1499 2029 1540 2063 ibi
1550 2031 1690 2074 ponenda
1708 2046 1715 2070 ;
1730 2033 1803 2075 quia

336 2076 372 2108 fit
379 2076 419 2108 A.
431 2078 480 2109 illa
489 2074 654 2114 necessitas,
670 2076 701 2111 ὃ(
711 2078 744 2109 B.
756 2087 824 2119 pars
831 2075 891 2106 eius
901 2076 1040 2118 primaria
1047 2075 1163 2108 causata
1179 2075 1198 2107 ὲ
1212 2076 1294 2112 Deo,
1309 2076 1339 2110 ὅ(
1348 2075 1386 2107 C.
1395 2075 1509 2120 reliquii
1518 2087 1586 2119 pars
1593 2078 1654 2110 cius
1661 2075 1776 2109 causata
1785 2077 1804 2109 ἂ

338 2122 423 2155 causa
431 2121 556 2156 secunda
565 2136 575 2159 ;
583 2133 632 2155 aut
639 2133 713 2165 ergo
721 2122 806 2155 A.est
814 2119 938 2153 infinitae
946 2119 1133 2156 intensionis,
1143 2130 1193 2153 aut
1202 2120 1320 2153 tantum
1331 2119 1432 2155 finitae.
1449 2122 1478 2153 Si
1486 2120 1697 2165 infinitae,ergo
1707 2121 1737 2156 ὅ(
1745 2132 1807 2155 tam

337 2169 374 2201 B.
383 2168 476 2210 quam
485 2168 526 2200 C.
536 2169 604 2211 quia
613 2166 632 2199 si
640 2168 765 2200 alterum
774 2177 836 2199 non
846 2164 1052 2205 fitinfinitum,
1068 2166 1117 2198 sed
1127 2165 1241 2199 tantum
1250 2165 1380 2203 finitum,
1400 2164 1434 2197 sit
1442 2166 1514 2198 illud
1524 2167 1566 2199 C.
1584 2168 1755 2212 ficutmagis
1765 2168 1808 2199 vi·

338 2213 434 2249 detur,
451 2223 520 2245 tunc
530 2214 564 2246 B.
572 2212 612 2245 est
622 2211 792 2256 simpliciter
801 2210 971 2245 infinitum:
988 2210 1061 2244 alias
1068 2216 1147 2244 enim
1155 2222 1191 2243 ex
1200 2209 1262 2255 ipso
1271 2211 1301 2244 &
1311 2211 1350 2243 C.
1361 2222 1424 2244 non
1432 2221 1663 2256 componeretur
1670 2211 1810 2258 simplici-

339 2269 382 2290 ter
390 2257 555 2296 infinitum,
569 2259 640 2300 quia
649 2257 768 2291 finitum
777 2257 951 2289 adiuncmm
961 2254 1050 2288 finito
1059 2255 1128 2289 fiicit
1136 2256 1252 2288 tantum
1261 2255 1391 2292 finitum,
1405 2255 1476 2290 sicut
1490 2259 1584 2299 potest
1592 2257 1807 2291 Mathematice

338 2303 544 2337 demonstrari.
571 2303 734 2337 Ostensum
743 2304 782 2336 est
789 2303 878 2335 etiarn
889 2303 987 2343 primo
996 2303 1096 2345 primi,
1110 2301 1222 2336 nullam
1233 2302 1361 2334 sormam
1372 2302 1454 2346 posse
1469 2298 1525 2335 esse
1539 2302 1687 2336 infinitam
1697 2302 1808 2346 simpli-

339 2350 410 2381 citer
417 2347 577 2381 intenfiue:
593 2359 648 2381 nec
655 2348 750 2392 potest
759 2347 897 2385 concedi,
912 2346 996 2390 quod
1006 2347 1039 2380 B.
1049 2357 1114 2390 pars
1121 2348 1159 2378 A.
1169 2345 1346 2380 necestitatis
1355 2347 1501 2391 praednaae
1509 2348 1547 2380 est
1558 2347 1727 2392 simpliciter
1741 2347 1810 2380 infi-

338 2395 448 2429 nitum.
459 2396 526 2436 quia
535 2394 694 2426 necessario
703 2392 839 2426 finiturin
848 2392 1041 2435 copulatione
1049 2392 1089 2424 C.
1103 2402 1172 2424 cum
1181 2390 1259 2437 ipso.
1286 2389 1330 2425 Ibi
1338 2393 1417 2425 enim
1427 2392 1463 2425 de
1472 2393 1642 2427 necessitate
1651 2395 1690 2426 est
1698 2392 1806 2437 aliquis

339 2437 460 2483 gradus,
470 2438 521 2482 qui
531 2438 570 2470 est
581 2437 650 2472 finis
657 2440 826 2472 communis
835 2439 1018 2470 &terminus
1026 2437 1265 2481 vtriusque,ficut
1273 2442 1303 2470 ε(
1313 2437 1417 2481 aliquis
1423 2440 1550 2481 puncius
1558 2436 1625 2472 essct
1632 2441 1662 2471 in
1671 2440 1808 2471 continu·
1821 2443 1845 2475 Ε

339 2494 442 2516 :itione
451 2482 576 2516 duarum
585 2483 730 2516 linearum
740 2483 855 2517 talium.
871 2482 908 2515 Et
914 2485 981 2525 quia
993 2483 1026 2516 B.
1038 2484 1078 2515 es}
1086 2493 1151 2526 pars
1158 2484 1199 2516 A.
1206 2493 1298 2528 quate
1305 2489 1335 2516 8(
1344 2485 1443 2515 minus
1451 2482 1502 2516 illo
1511 2498 1521 2521 ;
1529 2482 1578 2515 sed
1587 2483 1701 2516 nullum
1712 2482 1809 2516 infini-

340 2540 404 2563 tum
414 2527 584 2571 simpliciter
591 2531 631 2560 est
639 2532 739 2563 minus
748 2540 797 2563 aut
804 2528 898 2561 maius
907 2529 966 2560 alio
977 2527 1148 2572 simpliciter
1155 2527 1286 2567 infinito,
1296 2527 1367 2560 ficut
1376 2529 1491 2561 testatur
1500 2527 1698 2572 Philosophus
1708 2529 1809 2563 multis

341 2574 428 2606 locis.
445 2574 478 2606 Si
486 2585 558 2606 vero
566 2574 682 2607 dicatur
689 2576 718 2606 in
727 2576 843 2619 primm.
860 2572 944 2616 quod
958 2573 997 2604 A.
1005 2584 1068 2606 non
1077 2574 1117 2606 est
1132 2572 1297 2616 simpliciter
1310 2572 1474 2613 infinitum,
1490 2573 1539 2605 sed
1556 2574 1718 2606 secundum
1734 2573 1808 2618 quid

340 2618 470 2654 tantum,
481 2621 575 2661 potest
586 2619 673 2652 refelli
684 2620 833 2663 peridem,
845 2620 993 2662 quoniam
1003 2616 1023 2650 si
1032 2629 1091 2652 tam
1102 2620 1135 2651 B.
1146 2620 1237 2663 quim
1247 2619 1286 2650 C.
1295 2616 1541 2662 fitomniquaquc
1549 2618 1679 2659 finitum,
1695 2631 1769 2663 ergo
1778 2620 1809 2653 ἃ

342 2665 382 2696 A.
391 2664 585 2696 constitutum
593 2675 629 2696 ex
638 2664 707 2701 illis,
716 2664 788 2698 sicut
795 2662 924 2707 superius
931 2665 969 2696 esi
977 2673 1128 2706 argutum.
1137 2665 1237 2707 Qare
1246 2662 1369 2696 forsitan
1378 2662 1596 2707 dabitur,quod
1605 2666 1646 2698 A.
1653 2666 1692 2698 est
1703 2663 1811 2706 simpli-

341 2710 411 2741 citer
421 2710 450 2742 ἃ
458 2711 663 2753 omniquaquc
672 2708 788 2743 finitum
799 2708 866 2748 ;sed
874 2719 943 2742 tunc
952 2709 989 2741 A.
999 2706 1095 2753 posset
1103 2711 1214 2752 augeri,
1226 2708 1257 2742 ὅ(
1264 2708 1319 2740 effe
1329 2709 1419 2741 maius
1427 2708 1459 2743 ὅ(
1466 2710 1582 2747 melius,
1594 2710 1664 2742 cum
1671 2710 1710 2741 A.
1718 2707 1811 2743 sirbo-

342 2764 416 2785 num
424 2755 452 2786 in
460 2754 543 2792 Deo,
559 2756 628 2798 quia
646 2766 699 2800 per
706 2757 821 2789 tertiam
832 2764 946 2799 partem
956 2754 1106 2790 corollarii
1117 2756 1215 2798 primi,
1230 2755 1317 2797 primi
1326 2752 1399 2787 nihil
1407 2753 1486 2787 aliud
1497 2756 1574 2789 estin
1582 2766 1620 2787 eo
1636 2770 1647 2794 3
1660 2766 1721 2787 non
1737 2764 1810 2798 ergo

342 2810 436 2830 omne
445 2799 559 2832 bonum
570 2802 599 2832 in
608 2801 679 2833 Deo
689 2801 766 2833 estin
775 2811 813 2833 eo
819 2800 969 2843 optimum
978 2798 1128 2845 possibile,
1143 2810 1199 2831 nec
1206 2796 1370 2836 summurn,
1384 2809 1488 2832 contra
1496 2810 1630 2843 quartam
1637 2810 1750 2844 partem
1759 2811 1810 2832 co-

342 2844 453 2882 rollarii·
465 2842 626 2889 supradisti
643 2860 654 2886 3
668 2856 760 2891 quare
773 2855 827 2879 nec
840 2846 926 2879 Deus
942 2843 1223 2890 semperneceffario
1238 2845 1370 2890 optimus
1376 2855 1575 2889 permaneret,
1588 2844 1810 2879 contrasextam

1696 2900 1812 2934 partem
