1985 3130
149 142 200 193 C
216 163 241 191 Α
260 162 300 192 P.
335 158 406 200 50.
825 145 901 194 De
918 146 1038 213 Caifit
1059 148 1166 200 Dei.
1729 164 1809 221 8¹9

167 245 192 277 Α
210 242 376 286 [capitula]
386 240 582 285 praecedentia
592 241 793 276 manifestant.
805 243 952 276 Doctores
963 242 1096 278 similiter
1104 246 1301 280 oxonienses
1310 258 1421 292 negant
1430 252 1631 288 necessitatem
1642 255 1697 288 ab-

206 287 498 324 solutamintalibus,
514 287 602 321 aliam
613 288 687 322 vero
699 288 851 333 quandam
860 289 1045 329 concedunt,
1062 301 1156 334 quam
1172 302 1285 326 vocant
1301 292 1433 330 {imiliter
1445 297 1614 333 ordinatam
1643 300 1693 334 stu

206 335 412 369 necessitatem
422 334 458 367 de
467 334 532 378 lege
539 335 677 367 ordinata
697 335 756 366 siue
771 335 894 373 starura3
909 346 977 378 qut
987 335 1154 369 seeundum
1173 340 1346 380 praeostensa
1361 341 1595 386 quadragesimo
1603 325 1691 379 n'ono

204 382 307 419 huius,
324 391 386 412 non
396 381 491 424 potest
501 380 713 423 resti-&intelligi
729 380 782 413 alia
790 381 883 423 quam
892 382 1108 414 necessitasista
1116 381 1254 427 sequens.
1280 386 1432 420 Voluntas
1439 399 1572 434 namque
1587 392 1690 426 diuina

204 428 305 473 quoad
314 426 476 459 extrinseca
486 426 588 459 voluta
598 427 674 459 recte
683 427 788 459 dicitur
797 426 946 466 ordinata,
955 428 984 461 ἃ
993 429 1040 461 lex
1052 427 1181 462 fimiliter
1188 430 1327 463 ordinata
1336 431 1395 464 fiue
1403 434 1507 467 statuta
1519 437 1605 479 iquia
1616 437 1689 472 sicut

203 474 372 518 Legissaror
382 472 430 504 vel
438 471 511 503 alius
520 472 644 515 quilibet
652 471 817 509 ordinator,
826 472 928 514 ptimo
938 473 1041 505 saltem
1053 484 1158 506 natura
1167 477 1279 518 cogitat
1288 475 1390 512 haec&
1401 478 1462 517 illa,
1477 480 1686 518 deindelibere

202 520 323 552 ordinat
339 519 386 550 seu
397 518 494 550 statuit
503 528 597 549 vnum
609 527 726 549 certum
746 528 754 551 3
773 517 811 548 fic
826 518 856 551 ἀ
872 518 953 550 Deus
970 519 1036 552 Rex
1046 520 1075 552 ὁ(
1088 519 1208 564 Legifer
1218 522 1344 556 vniuersi
1362 534 1371 557 ;
1388 534 1524 569 cogitato
1532 529 1614 570 posse
1623 529 1685 563 fieri

202 565 266 597 haee
276 565 304 599 St
314 562 524 603 illa,liberritne
532 563 660 597 statuens
668 562 819 597 ordinauit
828 562 891 596 haec
900 563 1009 599 fietu&
1018 576 1081 597 non
1090 566 1138 599 illa
1147 581 1157 604 ς
1167 571 1198 598 8(
1208 566 1272 599 haec
1281 569 1320 601 est
1329 569 1377 601 lex
1384 570 1684 613 vniuetfiilis‚statuta,

202 609 313 656 polita,
329 609 479 645 ordinata,
492 608 650 648 ordinans,
667 609 820 652 regularis,
836 610 866 642 ὅ(
881 610 1042 643 moderaris
1059 610 1238 648 vni'uersum.
1254 611 1325 647 ficut
1341 616 1572 656 paretvicefimo
1584 622 1683 663 ptimo

202 658 302 699 primi.
322 656 576 699 Diciturquoque
585 656 751 693 necessitas,
767 665 832 698 quia
843 653 969 687 licutlex
981 657 1061 688 mere
1071 655 1202 700 pofitiua
1210 657 1373 698 liberrime,
1390 667 1420 694 sc
1436 660 1496 693 sine
1504 674 1684 711 quacunque

202 700 552 744 necessitateirnpeilente
561 702 663 734 statuta
671 699 709 731 ab
718 700 854 734 homine,
863 711 900 732 ex
910 712 978 733 tunc
987 704 1026 734 est
1036 701 1189 736 neccsffirla
1200 707 1372 738 necessitate
1380 704 1533 752 sequente,
1543 709 1573 742 ὅ(
1582 709 1682 744 neces-

200 745 464 780 fitatehuiusmodi
474 745 625 782 ordinata,
642 749 672 778 iri
690 757 807 778 tantum
823 746 906 789 quod
921 748 1084 779 secundum
1096 749 1294 783 Iuristasillud
1305 751 1411 784 dicitur
1419 753 1560 796 possibile
1570 757 1614 789 vel
1627 759 1683 788 im-

163 799 186 830 Β
201 792 349 837 possibile,
363 791 446 836 quod
460 792 500 824 est
517 791 888 836 possibileimpossibileue
898 793 934 824 de
953 792 1045 825 lure:
1060 794 1097 825 fic
1113 798 1143 828 ὅ(
1153 795 1292 827 voluntas
1306 796 1423 836 diuina,
1435 809 1606 845 quanquam
1620 801 1682 835 fine

199 850 380 885 quacunque
388 838 560 871 necessitate
570 839 766 881 praecedente,
779 838 1067 881 contingentissime,
1078 841 1108 874 ἃ
1117 840 1268 874 liberrimi?
1276 842 1424 881 ordinata,
1433 845 1542 888 posita,
1554 851 1583 878 &
1595 848 1681 881 statu-

200 885 500 919 tafimilinecessirate
510 883 654 916 firmatur.
678 884 764 917 Istam
781 894 880 916 autem
899 883 1075 917 sententiam
1091 885 1234 918 roborare
1249 887 1388 921 videntur
1402 890 1546 933 praemiffa
1556 892 1594 925 de
1602 892 1678 934 fato,

198 931 342 965 vicesimo
350 932 460 963 octauo
469 930 605 973 pr:mi.&
618 929 757 962 vicesimo
767 931 894 971 septimo
904 932 988 966 tertii.
1018 931 1150 963 Iiinuunt
1161 943 1294 976 namque
1302 935 1495 968 concorditer
1502 947 1607 971 omnes
1618 942 1680 972 Au-

197 988 279 1012 tores
287 985 435 1021 ponentes
443 974 537 1008 fatum
547 977 564 1008 ἐι
573 976 681 1008 famine
689 977 745 1009 Dei
757 976 882 1014 dictum,
892 980 922 1010 δι’
930 976 1018 1008 taleni
1029 975 1231 1010 necessitatem
1242 980 1373 1016 ruralem,
1391 980 1495 1013 Deum
1506 981 1613 1017 sieut&
1624 984 1680 1017 ho-

198 1025 310 1056 minem
319 1022 410 1055 libere
422 1021 583 1054 secundum
594 1021 863 1054 contradictionem
875 1025 926 1054 lari
935 1022 972 1052 ad
981 1033 1076 1058 extra,
1093 1024 1188 1066 ipsum
1199 1035 1301 1057 tamen
1312 1026 1365 1058 fiiri
1374 1026 1445 1058 dum
1455 1024 1544 1065 fatur,
1561 1029 1632 1062 sicut
1646 1032 1678 1065 ὅ(

195 1068 355 1102 hominem
364 1068 445 1111 loqui
457 1066 528 1099 dum
539 1068 670 1111 loquitur
679 1065 733 1099 esse
743 1064 1038 1104 neccffe‚necessitate
1050 1068 1156 1101 scilicet
1165 1071 1303 1103 ordinata
1313 1072 1372 1103 siue
1381 1073 1521 1116 sequente
1528 1075 1675 1118 predicta,

196 1127 262 1159 quae
271 1115 328 1147 esse
338 1112 543 1157 quodcunque
552 1112 712 1145 necessario
722 1113 851 1156 sequitur
860 1113 1045 1152 comitando,
1059 1116 1117 1158 qud
1125 1125 1218 1147 omne
1228 1117 1310 1160 quod
1319 1118 1501 1159 est,quand0
1510 1122 1678 1156 est,necesse

196 1161 236 1193 est
244 1158 312 1194 effe.
337 1160 442 1193 Fatum
451 1161 546 1197 enim,
556 1160 692 1191 recitante
703 1157 818 1192 Isidoro
829 1160 859 1190 8.
873 1159 1030 1201 Eth.45.&
1040 1167 1092 1202 46.
1110 1162 1241 1205 Antiqui
1251 1162 1391 1195 dixerunt
1400 1166 1543 1209 quicquid
1554 1167 1603 1202 Dii
1615 1166 1677 1200 fan-
1696 1168 1803 1201 lfi'dsrus.

196 1204 622 1249 tur‚appofitumquefingulis
632 1204 661 1237 ὅ(
671 1205 809 1237 staturum
823 1219 830 1236 :
848 1216 937 1247 quate
949 1212 978 1237 ὅ(
992 1204 1195 1248 Philosophus
1205 1208 1235 1238 in
1243 1209 1292 1242 De
1300 1209 1416 1240 mundo
1425 1210 1478 1242 vlt.
1488 1211 1571 1246 dicit,
1587 1213 1675 1254 quod
1697 1210 1858 1250 Philosophus.

194 1253 438 1285 triatuntstatuia
448 1249 576 1283 fatorum
588 1248 748 1282 secundum
760 1251 888 1284 totidem
899 1262 1048 1293 tempora,
1065 1262 1130 1296 quae
1147 1253 1176 1283 iu
1194 1253 1249 1284 alia
1266 1254 1459 1288 transsatione
1467 1256 1609 1289 dicuntur
1618 1269 1675 1291 tres

195 1297 290 1330 Parcae
305 1309 312 1331 3
327 1308 393 1341 qtiae
403 1294 564 1328 secundum
576 1295 697 1339 Papiam
707 1298 736 1328 in
747 1295 938 1329 elementario
951 1298 1052 1335 ium&
1065 1297 1214 1331 isidorum
1225 1300 1241 1331 8
1250 1322 1258 1330 .
1267 1298 1336 1331 Eth.
1346 1310 1398 1342 45·
1409 1301 1438 1335 <St
1449 1302 1674 1337 Grammaticos

155 1341 182 1371 C
194 1343 279 1382 alios,
293 1342 332 1376 ςὸ
351 1342 435 1387 quod
450 1343 560 1375 nemini
584 1352 705 1383 parcant
716 1365 724 1376 ,
743 1344 788 1374 ieu
806 1343 930 1374 minime
946 1353 1088 1384 parcant,
1104 1354 1130 1379 ’.Γ
1141 1353 1241 1378 mimo·
1257 1346 1295 1377 sic
1310 1345 1448 1379 dicuntur
1459 1371 1467 1386 ‚
1491 1349 1627 1390 Atropos
1646 1352 1675 1382 in

193 1391 355 1434 praetetito,
372 1386 509 1420 Lachesis
517 1386 565 1419 scu
576 1386 706 1419 Licheiis
716 1389 745 1419 in
756 1386 868 1424 furum,
884 1395 917 1421 3(
931 1389 1029 1421 moto
1039 1390 1068 1422 in
1078 1390 1226 1434 praesenti,
1244 1392 1401 1435 perficiens
1413 1402 1444 1424 vt
1459 1392 1676 1427 dicitPhiloio-

192 1434 270 1478 phus
281 1435 332 1468 vbi
341 1445 420 1477 prius
429 1439 457 1466 st
468 1443 612 1476 torquens
623 1435 780 1476 vni'cuique
789 1436 912 1478 proprisi
930 1448 939 1472 ;
955 1435 985 1467 ὃ(
996 1435 1089 1471 addit,
1107 1436 1263 1471 perficitur
1272 1447 1369 1469 autem
1381 1436 1409 1470 ὅ(
1420 1436 1517 1471 fabula
1527 1451 1589 1472 non
1598 1443 1677 1473 iiior—

192 1481 293 1514 dinate
309 1493 316 1512 :
332 1481 397 1513 sunt
413 1489 514 1511 autern
532 1478 595 1512 haec
604 1481 707 1511 omnia
717 1478 876 1512 nihilaliud
893 1480 944 1512 nifi
963 1481 1057 1516 Deus.
1075 1482 1378 1525 quemadmodum&
1390 1484 1522 1516 strenuus
1530 1486 1675 1518 aitPlaro.

193 1524 392 1571 Q&fupta
404 1535 450 1571 ¹3·
465 1523 666 1568 dicitquodin
680 1527 785 1558 maiori
795 1527 923 1563 ciuitate,
941 1537 968 1557 iii
986 1527 1102 1561 mundo
1112 1528 1260 1566 videlicet,
1279 1529 1361 1560 Deus
1378 1529 1566 1574 estlexaeque
1585 1531 1676 1565 decli·

192 1585 281 1611 nans,
296 1574 327 1605 in
342 1572 397 1605 alia
416 1571 753 1613 transsationeaequalis‚
777 1572 889 1604 nullam
904 1573 1049 1614 recipiens
1063 1577 1290 1617 corruptionem
1301 1598 1310 1611 ,
1329 1585 1381 1606 aut
1396 1575 1674 1618 transpolirioriem,

190 1620 221 1651 in
236 1619 290 1652 alia
305 1617 495 1652 transsatione
511 1616 710 1649 direstionem
731 1628 782 1650 aut
798 1617 1057 1659 transpositionem
1069 1643 1080 1660 ,
1102 1622 1201 1652 maior
1217 1630 1317 1654 autem
1342 1620 1373 1654 ὅ(
1390 1623 1500 1654 certior
1517 1624 1559 1654 eis
1577 1623 1673 1665 Scrip-

190 1667 262 1698 tutis
278 1674 346 1708 quae
361 1665 425 1696 sunt
442 1664 472 1695 iri
489 1661 660 1698 cirbesibus,
677 1662 839 1695 secundum
859 1664 944 1696 aliam
963 1664 1199 1705 transsationem,
1212 1668 1319 1700 melius
1334 1677 1433 1698 autem
1451 1668 1481 1702 ἁ
1497 1667 1613 1701 firmius
1630 1668 1675 1700 12-

191 1710 310 1753 pidibus
323 1708 443 1753 scriptis.
472 1709 628 1750 Scripturae
646 1719 775 1751 namque
790 1710 819 1741 in
837 1709 988 1751 lapidibus
1002 1710 1103 1753 primo
1118 1711 1212 1745 libere
1227 1718 1257 1748 ὅ(
1272 1712 1484 1755 contingenter
1498 1712 1674 1751 scribuntur,

190 1755 241 1789 sed
249 1757 409 1800 postquam
417 1753 479 1787 sunt
490 1756 616 1796 script-2¹,
631 1753 791 1787 neceffario
801 1766 922 1787 manent
934 1756 1056 1798 scriptae,
1076 1758 1124 1790 vel
1138 1757 1239 1790 saltem
1257 1755 1498 1791 neceffariottinc
1515 1757 1674 1802 suntlcrip-

189 1812 226 1834 tae
236 1800 404 1834 necessitate
413 1801 553 1844 sequente
569 1799 728 1843 paulina,
746 1798 784 1832 sic
801 1803 829 1836 ὅ(
849 1802 987 1843 scriptura
1003 1801 1119 1835 firmior
1134 1802 1201 1836 libi-i
1218 1804 1275 1836 Dei
1294 1817 1304 1842 ς
1322 1802 1411 1837 vbi&
1426 1802 1558 1835 subditur
1571 1806 1674 1836 conse*

192 1855 327 1892 quenter‚
340 1857 403 1890 quo
422 1846 606 1888 gubernante
622 1843 736 1888 semper
751 1846 946 1880 immobiliter
961 1848 989 1881 ὅ(
1009 1847 1167 1892 diligenter
1176 1859 1376 1892 tegiturtotuc
1386 1850 1480 1881 decor
1494 1849 1563 1881 coeli
1575 1856 1674 1883 &ter-

136 1886 167 1918 D
191 1905 242 1929 rae,
258 1898 288 1928 &
304 1893 408 1925 omnia
422 1901 613 1936 generantur,
627 1890 767 1928 crescunt,
783 1894 812 1926 ὁ(
829 1903 1061 1935 corrumpuntur
1074 1894 1183 1926 diuinis
1195 1897 1326 1939 parentia
1335 1895 1473 1927 decretis.
1499 1895 1586 1927 istam
1596 1906 1673 1939 quo-

190 1949 249 1982 que
265 1939 439 1971 sententiam
456 1936 555 1969 firmat
572 1937 702 1968 Hermes
722 1939 768 1969 De
784 1938 876 1970 verbo
894 1949 1005 1970 :eterno
1019 1949 1068 1984 43.
1089 1940 1119 1973 ὃ(
1135 1940 1172 1972 de
1188 1940 1307 1972 mundo
1323 1941 1353 1974 ὅ(
1370 1940 1450 1971 coelo
1471 1950 1495 1971 i.
1512 1941 1672 1974 ostendens
1692 1961 1797 1987 Hem-es

190 1984 276 2029 quod
290 1994 388 2016 rerum
403 1981 560 2016 necessitas
576 1984 614 2015 cst
630 1983 646 2013 it
662 1983 728 2026 lege
745 1984 843 2016 diuina
863 1994 870 2017 ;
896 1984 969 2016 dicit
983 1995 1062 2016 enirn
1079 1985 1167 2029 quod
1184 1984 1247 2018 brec
1263 1988 1336 2025 tria,
1353 1989 1559 2024 Hermarmene,
1573 1988 1670 2018 neces·
1691 1980 1806 2028 „wlsius

189 2032 270 2067 sitas,
286 2030 316 2064 &
333 2028 424 2065 ordo,
440 2039 514 2063 nutu
530 2028 589 2060 Dei
607 2030 738 2061 maxime
757 2031 823 2062 iuiit
838 2026 940 2062 effecti
951 2055 958 2065 ,
979 2041 1042 2073 quae
1061 2031 1210 2064 mundum
1228 2031 1397 2075 gubernant
1414 2034 1464 2062 iua
1479 2031 1564 2074 lege,
1580 2032 1610 2066 ὃ(
1626 2043 1669 2065 ra-

189 2079 272 2110 tione
286 2075 396 2113 diuina,
410 2073 541 2118 dicitque
558 2084 672 2106 textum
690 2077 804 2116 operis=
822 2073 941 2107 fatalem
960 2074 1073 2109 seriem,
1092 2075 1266 2109 'iectilorum
1283 2076 1530 2120 dispositionem,
1553 2087 1668 2109 metam

188 2120 399 2164 temporalium
414 2121 554 2152 omnium
565 2144 575 2157 ,
598 2123 628 2153 δι’
642 2120 844 2152 vniueisaliter
856 2122 961 2152 omnia
976 2122 1033 2154 effe
1048 2122 1127 2161 illic,
1146 2134 1217 2166 puta
1232 2124 1261 2155 in
1277 2124 1345 2154 Deo
1357 2147 1365 2159 ‚
1388 2123 1495 2154 summi
1513 2121 1669 2165 disposito-

187 2170 227 2202 tis
242 2168 337 2210 digito
355 2176 481 2201 exarata,
502 2163 571 2198 ficut
586 2166 759 2198 vicesimum
770 2164 931 2209 septimum
942 2166 1029 2199 huius
1046 2168 1162 2210 plenius
1180 2171 1327 2201 recitauit.
1351 2168 1442 2201 Vnde
1457 2169 1485 2203 ὃ(
1502 2167 1668 2209 Propheta,

188 2214 221 2247 In
238 2222 395 2251 aeternum,
408 2212 558 2249 Domine,
572 2209 698 2243 verbum
710 2222 795 2243 tuum
806 2222 962 2255 permanet
973 2214 1002 2245 in
1018 2214 1101 2246 coeio
1116 2228 1127 2252 ς
1146 2226 1175 2245 in
1192 2215 1384 2257 generatione
1398 2224 1562 2246 veritastua
1580 2224 1589 2247 ς
1603 2214 1669 2246 fiin-

188 2259 258 2292 dasti
274 2268 383 2292 terram
398 2262 428 2289 δε
445 2265 600 2302 permanet
615 2270 625 2294 ς
642 2255 834 2289 ordinatione
849 2268 897 2289 tua
915 2256 1078 2299 perseuerat
1094 2259 1156 2292 dies
1173 2251 1318 2304 quoniam
1333 2260 1438 2292 omnia
1453 2257 1583 2291 seruiunt
1599 2259 1665 2298 tibi,

188 2303 242 2339 nisi
259 2303 343 2348 quod
357 2303 405 2336 lex
421 2313 469 2335 tua
483 2301 643 2335 meditatio
660 2313 727 2333 mea
744 2302 783 2335 est
795 2327 802 2339 ,
818 2307 874 2337 διε.
892 2303 1012 2335 Psalmo
1029 2314 1038 2335 i
1053 2306 1100 2337 18.
1126 2306 1201 2338 Ecce
1217 2305 1371 2337 ordinatio
1390 2304 1522 2347 legitima
1537 2306 1666 2337 Domini

187 2351 329 2385 coelestia,
347 2349 500 2386 terrestria,
514 2354 544 2381 3<
563 2348 764 2380 vniuersalirer
778 2350 879 2380 omnia
896 2350 1157 2392 comprehendens
1173 2365 1180 2383 ε
1201 2351 1276 2382 Ecce
1293 2351 1339 2383 lex
1355 2351 1484 2382 Domini
1499 2347 1667 2391 completis-

134 2406 158 2439 Ε
186 2395 258 2430 fitne
273 2394 412 2429 ordinata
428 2393 515 2426 firma
531 2394 712 2432 necessitate,
727 2397 757 2428 δι
773 2394 927 2426 neccflaria
947 2394 1087 2428 firmitate
1100 2397 1274 2430 aetcrnalitcr
1289 2396 1479 2440 perseuerans
1491 2407 1499 2423 ε
1515 2394 1663 2428 haecenim

186 2441 278 2476 verba
294 2440 455 2485 Prophetae
470 2438 745 2472 immutabilitatem
761 2440 789 2472 &t
806 2438 1003 2473 necessitatem
1021 2444 1195 2484 important.
1221 2442 1304 2474 Dicit
1319 2442 1401 2473 enim
1418 2441 1604 2483 Augustinus
1615 2441 1665 2474 de—
1683 2454 1839 2492 Auaustinus.

185 2490 268 2521 cimo
279 2487 386 2531 quinto
403 2485 440 2518 de
454 2484 604 2518 Trinitate
618 2494 666 2516 ²0*
687 2485 800 2528 Neque
816 2488 896 2516 enim
913 2486 956 2518 ob
972 2486 1052 2518 :iliud
1069 2485 1209 2530 scriptum
1225 2488 1283 2526 est,
1298 2486 1404 2518 Multae
1417 2487 1617 2529 cogitationes
1633 2489 1663 2519 in
1724 2483 1741 2495 ὁ

186 2533 280 2567 corde
292 2533 366 2572 viti,
380 2529 537 2565 consilium
553 2541 653 2563 autem
668 2531 796 2563 Domini
810 2541 912 2563 manet
927 2533 955 2563 in
971 2543 1114 2565 :eternum
1127 2556 1134 2567 ,
1153 2531 1204 2564 nisi
1222 2543 1255 2564 vt
1268 2532 1468 2574 intelligamus
1483 2531 1543 2563 fiue
1558 2532 1664 2564 creda-

185 2590 253 2612 mus
273 2576 344 2610 ficut
359 2580 389 2610 in
405 2586 548 2610 aetcrnum
564 2577 664 2608 Deum
677 2601 687 2613 ,
707 2577 746 2609 tta
762 2587 903 2608 aeternum
921 2577 984 2609 eius
1006 2576 1062 2611 effe
1084 2577 1240 2611 consilium
1253 2602 1261 2614 ,
1283 2589 1316 2609 ac
1332 2589 1384 2620 per
1399 2576 1460 2609 hoc
1475 2577 1664 2611 immutabile

185 2625 258 2657 ficut
271 2621 332 2666 ipse
347 2624 386 2656 est
402 2635 411 2656 ι
430 2620 531 2663 Quod
547 2631 645 2654 autem
661 2621 698 2654 de
712 2621 950 2665 cogitationibus
961 2647 972 2661 ‚
997 2621 1057 2656 boc
1074 2625 1162 2655 eriam
1179 2623 1217 2655 de
1232 2622 1436 2656 voluntatibus
1451 2622 1604 2656 verissime
1618 2624 1663 2655 di-

186 2682 211 2702 ci
232 2669 336 2714 potest,
355 2667 461 2700 Multae
475 2668 644 2700 voluntates
660 2668 689 2700 in
705 2667 794 2699 corde
812 2678 883 2705 viri,
906 2668 1047 2702 voluntas
1070 2680 1169 2701 autem
1195 2670 1324 2702 Domini
1342 2678 1443 2700 manet
1460 2671 1490 2699 in
1505 2677 1663 2701 aeternum.

184 2714 321 2749 Psalmus
333 2724 459 2759 quoque
474 2711 635 2745 tricesimus
652 2711 816 2752 stcundus,
841 2712 1032 2753 Consilium,
1056 2717 1172 2759 inquit,
1194 2716 1319 2747 Domini
1341 2715 1369 2746 in
1385 2724 1529 2746 :eternum
1547 2724 1660 2750 manet,
1680 2721 1800 2759 Psalmus.

186 2763 390 2804 cogitationes
405 2758 504 2792 cordis
519 2759 581 2791 eius
598 2770 627 2789 in
645 2758 841 2801 generatione
866 2762 896 2790 δι
921 2762 1145 2803 generationi-m
1164 2773 1171 2791 :
1197 2761 1294 2802 Super
1306 2759 1388 2804 quod
1406 2759 1591 2803 Augustinus
1606 2770 1661 2792 rra-

186 2809 267 2840 &atu
280 2807 392 2849 primo,
413 2806 628 2847 Cogitationes
643 2803 789 2847 sapientiae
804 2805 867 2836 eius
881 2816 943 2838 nori
962 2803 1028 2837 sunt
1042 2805 1202 2838 mutabiles
1215 2829 1222 2841 ,
1245 2804 1292 2836 sed
1308 2814 1462 2837 manentes
1477 2806 1506 2836 iri
1524 2804 1662 2836 saeculum

184 2851 278 2885 saeculi
294 2865 304 2889 3
320 2850 371 2883 vbi
386 2850 417 2884 ὅ(
436 2845 558 2888 Glossa,
573 2849 602 2881 id
615 2851 663 2887 est,
680 2861 743 2882 non
761 2849 826 2882 sunt
841 2849 1015 2928 mutabilesZ‚
1032 2851 1080 2883 sed
1097 2863 1213 2885 aeternae
1224 2875 1232 2888 ‚
1253 2856 1282 2886 ὅ(
1298 2850 1518 2895 praedestinatio
1532 2849 1663 2927 ‘imssffi'

1019 2907 1061 2928 zz
1086 2907 1103 2928 ι.
1513 2905 1596 2928 muta
1651 2905 1664 2926 ς
