1985 3130
139 122 186 171 C
201 141 226 170 A
242 141 281 170 P.
295 137 366 187 34.
833 120 907 169 De
929 121 1048 185 Caffa
1076 122 1178 171 Dei.
1705 129 1799 186 627

154 219 184 251 Α
199 219 282 260 quit,
310 227 416 248 mouet
439 216 497 248 Dei
513 225 598 248 amor
617 215 647 249 ὃ(
666 216 760 246 timor
777 227 785 247 ε
803 215 912 251 timor,
935 218 1005 259 quia
1022 217 1113 248 iustus
1130 215 1168 248 est
1192 229 1201 248 ε
1224 226 1329 255 amor,
1350 218 1423 260 quia
1445 217 1616 250 misericors
1639 216 1690 250 est.

199 263 274 303 Qis
290 273 370 295 enim
384 263 410 293 ei
425 261 534 294 diceret
546 285 554 296 ,
578 260 651 304 quid
667 260 758 293 fecisti
770 283 778 296 ,
804 259 824 292 si
841 261 998 294 damnaret
1013 264 1120 294 iustum
1140 269 1148 292 Ξ
1185 264 1315 304 Qanta
1330 273 1404 305 ergo
1418 264 1689 296 miiericordiaeius

197 311 209 346 ΙΙ
226 317 262 338 vt
275 307 407 340 iustificet
422 309 558 340 iniustum
576 313 585 336 ἓ
604 308 680 347 Qs
698 306 785 338 talem
803 317 839 338 ac
856 316 972 338 tantum
990 308 1162 339 Dominum
1180 318 1243 339 non
1260 307 1377 340 timebit
1395 314 1404 338 ἓ
1424 309 1537 351 thuis
1547 319 1686 341 nontan-
1705 307 1719 346 ΙΙ
1736 308 1756 337 fi

199 364 232 384 io
251 355 359 385 timore
374 354 592 395 compune‘hiS,
615 351 759 384 ostensam
777 353 840 384 cius
855 362 947 383 vitare
958 376 967 390 ‚
987 352 1018 385 ὀ(
1034 351 1131 396 ipsum
1150 353 1266 395 placare
1277 353 1406 391 curabit,
1430 353 1460 386 ὅ(
1476 353 1514 385 lic
1530 355 1608 386 mala
1617 364 1689 386 om-

198 402 246 431 nia
256 397 400 441 fugiendo
412 422 420 434 ,
444 409 478 429 ac
494 397 576 429 bona
592 400 695 430 omnia
712 397 918 440 persequendo
929 421 937 434 ,
967 398 1064 441 ipsum
1083 399 1203 431 tandem
1212 398 1298 441 super
1307 400 1410 430 omnia
1423 398 1614 432 tetisviribus
1623 411 1689 431 non

198 443 313 476 amabit
330 452 339 475 ἓ
364 444 464 476 Amor
484 454 615 487 namque
629 444 666 475 ad
682 443 800 474 bonum
815 443 985 475 extenditur
996 467 1004 480 ,
1037 450 1066 476 δ(
1084 455 1200 487 quanto
1222 445 1310 476 fuerit
1326 446 1425 476 maius
1442 445 1558 476 bonum
1570 469 1578 483 ,
1601 455 1686 478 tanto

198 488 480 532 magisamandum.
505 488 556 520 Tu
571 499 674 520 autem
695 489 833 520 Domine
850 491 931 520 Deus
941 500 1026 521 meus
1035 500 1066 520 es
1083 493 1185 521 omnis
1194 488 1265 521 boni
1276 488 1390 522 bonum
1402 515 1411 529 ‚
1426 491 1686 534 superomniabo-

197 546 236 567 na
251 535 369 572 bonuS,
390 533 508 566 bonum
523 533 719 566 infinitisiime
735 533 885 566 inlinitum
898 557 905 567 .
930 533 999 567 licut
1014 528 1179 577 siippolitio
1190 537 1284 577 prima
1299 537 1444 568 monstrat
1460 549 1467 568 :
1485 546 1687 579 qiiantumcr-

198 591 240 623 go
257 578 575 614 rationabiliterdcbeo
587 590 615 611 te
630 586 746 612 amai-e?
767 580 918 623 Nuiiquid
935 581 1238 622 proportionabiliter
1251 580 1368 614 infinite
1388 589 1396 611 ἓ
1416 583 1542 614 Vtinam
1559 584 1601 613 ita
1619 582 1686 624 pol·

197 629 271 658 sem.
304 626 362 658 Sed
378 626 541 669 quomodo
552 637 610 668 ego
624 636 684 658 tam
702 625 840 666 paruulus
853 627 883 659 ὁ(
898 624 997 657 finitus
1015 624 1132 670 poffum
1150 638 1177 658 te
1194 626 1318 669 diligere
1337 626 1453 659 infinite
1471 634 1481 658 ἓ
1500 628 1536 659 Et
1554 637 1687 671 quomo-

198 671 239 705 do
256 672 339 705 aliter
360 668 521 703 seruabitur
544 672 706 714 proportio
727 670 830 702 debita
852 670 1028 702 amabilium
1047 675 1077 702 8<
1097 683 1234 704 amotum
1258 679 1266 702 ἓ
1292 672 1342 704 Tii
1363 684 1443 705 enim
1465 672 1686 715 i‘uperiimabilis

139 717 164 749 B
199 717 287 751 Deus
304 728 387 749 meus
397 716 516 749 excedis
531 715 668 748 amabilia
683 726 788 748 caeiera
804 715 934 749 inlinite‘.
964 718 1136 758 Qomodo
1151 719 1240 750 ctiam
1258 717 1278 748 si
1297 729 1325 749 te
1347 718 1500 750 inlinitum
1520 718 1634 751 bonum
1652 716 1690 748 fi·-

198 764 259 795 nite
277 763 430 806 diligerem
442 786 450 799 ,
475 773 536 794 non
550 760 665 805 possem
685 761 807 804 diligere
821 762 953 804 congrue
967 763 1091 807 aliquod
1109 763 1224 795 bonnm
1239 762 1356 796 finitum
1365 765 1517 806 aequaliier
1528 788 1539 803 ‚
1561 763 1687 807 aliquod

197 808 272 841 vero
283 810 376 853 magis
388 815 396 839 ἓ
409 803 869 840 AutlbrsanDomincdcbeoic
885 808 1005 851 diligere
1019 807 1135 841 infinite
1153 820 1300 854 quantum
1318 809 1355 840 ad
1370 810 1513 846 modum,
1542 815 1572 841 δε
1590 809 1608 840 li
1626 808 1686 841 foi·-

196 852 347 887 taffisuon
359 853 547 896 quantumad
556 855 667 885 astum.
707 853 870 892 Quantum
885 855 964 885 enim
982 853 1020 885 ad
1037 855 1166 885 niodum
1185 856 1312 896 pertinet
1326 856 1488 896 diligendi,
1519 855 1687 887 debeodili-

199 911 308 944 gerere
324 900 450 933 finaliter
473 909 593 942 propter
612 909 658 937 ie,
679 898 709 931 ἃ
722 898 838 930 niilliim
861 898 940 931 aliud
959 897 1076 930 bonum
1103 899 1229 933 finaliter
1245 911 1368 943 propter
1383 906 1427 938 le,
1451 901 1498 933 scd
1516 912 1638 944 propter
1656 910 1686 932 te

198 948 334 979 Domine
344 944 493 977 summum
504 943 637 982 bonum,
650 946 884 986 quicune'torum
899 943 1053 976 bonorum
1071 947 1249 988 principium
1265 957 1296 979 es
1313 953 1343 979 ὃς
1360 946 1441 979 finis.
1475 948 1538 978 Aut
1561 952 1638 978 torte
1656 956 1685 978 tc

196 991 320 1035 diligam
338 989 575 1035 quodammodo
594 989 727 1024 infinite,
753 1000 901 1033 quantum
924 991 960 1020 ad
975 992 1076 1022 :ieiuni
1093 1002 1154 1023 tam
1172 991 1312 1024 intensiue
1330 994 1420 1035 quam
1439 990 1604 1024 exienliiie.
1637 992 1685 1024 ln-

197 1036 311 1070 teniiue
325 1035 575 1080 quodammodo,
606 1037 915 1080 quiaqiianiocunque
928 1034 1014 1067 bono
1031 1035 1119 1068 linito
1137 1036 1298 1073 inieiiliiis,
1321 1038 1434 1071 firmius
1448 1039 1478 1071 ὅ(
1496 1036 1602 1070 i‘oriisis
1620 1037 1638 1069 li
1656 1048 1685 1069 te

198 1088 230 1115 ὁ(
247 1082 320 1115 illud
329 1092 462 1125 congrue
478 1081 620 1124 diligam,
644 1092 711 1113 cum
730 1079 804 1111 illud
823 1092 885 1113 iion
904 1079 955 1114 nili
972 1092 1138 1124 propterte
1154 1083 1276 1125 diligam
1303 1096 1311 1115 :
1332 1083 1450 1125 semper
1467 1094 1545 1116 enim
1564 1093 1685 1127 propter

199 1129 283 1172 quod
303 1139 398 1160 vnum
416 1127 564 1170 quo-{que
580 1127 658 1159 illud
675 1137 768 1168 magis
787 1128 845 1165 est,
873 1137 907 1158 vr
923 1137 1044 1170 propter
1061 1128 1145 1171 quod
1163 1140 1317 1167 amamus,
1342 1129 1414 1162 illiid
1432 1140 1564 1160 amicum
1590 1130 1686 1172 magis

198 1176 247 1208 cst.
279 1172 436 1206 Eictenliue
455 1172 699 1216 quodammodo,
717 1172 924 1215 comparando
934 1173 1107 1206 videliceiie
1116 1174 1270 1213 Domine,
1286 1175 1436 1206 summum
1453 1173 1566 1208 bonum
1578 1199 1587 1213 ,
1602 1177 1640 1205 ad
1658 1185 1685 1204 a-

199 1220 239 1252 lia
252 1219 333 1252 bona
349 1229 537 1263 quaecunque
557 1217 775 1261 quantumlibet
791 1217 880 1250 multa
897 1219 927 1251 ὅ(
945 1229 1070 1261 magna,
1102 1226 1132 1252 Sc
1151 1231 1180 1251 te
1198 1221 1335 1252 Domine
1350 1231 1409 1262 prae
1427 1219 1569 1253 omnibus
1588 1221 1617 1255 ὅ(
1639 1219 1686 1251 sii-

144 1263 176 1295 C
200 1277 252 1310 per
261 1267 364 1297 omnia
378 1264 554 1307 diligendo,
574 1263 647 1296 dum
663 1263 770 1295 vellem
782 1265 880 1305 potitis
897 1264 1000 1296 omnia
1016 1264 1064 1295 illa
1080 1266 1166 1298 ctiam
1183 1266 1213 1299 δι
1231 1276 1280 1297 me
1295 1264 1389 1309 ipsum
1409 1276 1474 1297 non
1488 1264 1543 1299 esst
1554 1289 1564 1303 ,
1594 1276 1686 1309 quarn

203 1322 232 1343 te
241 1310 337 1343 solum
353 1322 362 1344 3
378 1310 518 1342 fiiiedum
536 1310 656 1340 mallem
668 1310 770 1341 omnia
788 1308 998 1351 illainsupcr&
1010 1311 1154 1353 meipsum
1170 1322 1232 1344 non
1243 1311 1301 1343 effe
1312 1335 1323 1349 ‚
1346 1312 1479 1354 quamte
1496 1311 1688 1344 semeloffen·

198 1357 270 1388 dere
287 1355 367 1389 bone
390 1356 488 1388 Deus.
534 1354 593 1388 Sed
610 1353 728 1391 adhuc,
752 1353 953 1387 amantissime
976 1354 1132 1390 Domine,
1160 1357 1314 1401 quandam
1338 1358 1427 1389 aliam
1453 1358 1688 1399 proportionali-

199 1413 288 1435 tatem
315 1412 451 1434 amorum
470 1401 500 1435 ὃ(
516 1401 530 1441 ll
552 1403 742 1432 annonarum
757 1399 951 1432 considerans
963 1424 971 1438 ,
1000 1401 1088 1432 valde
1101 1399 1478 1441 sollicitor,&contiirbor.
1507 1404 1536 1436 Si
1547 1404 1627 1434 enirn
1638 1414 1687 1436 ve-
1702 1408 1715 1447 Η
1729 1408 1846 1438 amabili-

198 1458 266 1480 rum
282 1446 322 1479 est
341 1447 425 1490 quod
443 1446 565 1490 quidam
581 1447 621 1478 ait
632 1471 642 1484 ‚
669 1446 848 1488 Analogiim
864 1447 894 1478 in
911 1444 1221 1480 omnibiisiecundum
1240 1448 1544 1490 superabundantiam
1556 1449 1684 1482 existen·
1703 1459 1759 1478 um.

197 1492 277 1526 tibus
285 1493 654 1529 amicitiis&amationerri
664 1491 728 1524 fieri
739 1502 862 1535 oportet
873 1516 881 1529 ‚
896 1502 968 1534 puta
983 1493 1141 1525 meliorem
1162 1495 1258 1536 magis
1273 1495 1384 1531 amari,
1407 1505 1500 1537 quam
1509 1505 1625 1531 amare,
1654 1500 1687 1527 «Se

198 1539 370 1576 vtiliorem,
397 1538 428 1572 ὃ(
441 1539 568 1570 aliorum
586 1537 824 1580 vnumqiiodque
841 1537 973 1570 similiter
996 1550 1005 1569 ε
1029 1549 1098 1570 cum
1122 1540 1202 1570 enim
1228 1537 1392 1572 secundum
1411 1543 1589 1583 dignitatem
1608 1552 1687 1575 ama-

199 1596 245 1618 tio
260 1584 329 1623 fiat,
348 1595 421 1616 tunc
436 1582 469 1616 fit
486 1584 650 1626 aliqualiter
672 1583 842 1626 aequalitas,
863 1583 949 1625 quod
964 1585 1067 1626 vtique
1081 1586 1218 1618 aniicitiae
1234 1583 1289 1618 effi:
1308 1585 1424 1618 videtur
1441 1598 1449 1616 :
1473 1597 1586 1629 quanto
1606 1597 1638 1619 tii
1654 1598 1688 1620 es

197 1630 307 1664 melior
323 1641 390 1667 irie,
414 1636 445 1663 δε
463 1629 565 1662 vtilior
582 1628 656 1661 mihi
671 1639 759 1672 quain
769 1639 828 1671 ego
846 1629 898 1659 ribi
911 1652 921 1666 ‚
948 1640 1035 1661 tanto
1052 1633 1147 1672 magis
1163 1630 1262 1662 debeo
1283 1642 1384 1664 amate
1401 1642 1429 1664 te
1444 1634 1536 1674 quam
1553 1643 1583 1663 tii
1602 1643 1686 1665 amas

199 1688 258 1710 me.
293 1675 351 1709 Sed
366 1677 500 1718 nunquid
518 1674 579 1707 hoc
594 1675 711 1719 possum
735 1681 744 1705 Ξ
770 1676 934 1717 Quantum
948 1673 1048 1718 quaeso
1071 1687 1153 1707 amas
1168 1687 1217 1709 me
1235 1678 1369 1710 Domine
1393 1683 1401 1707 ἒ
1432 1678 1586 1721 Niinquid
1603 1680 1686 1711 exili-

200 1733 244 1756 iei·
259 1721 290 1755 ὃ(
308 1719 440 1759 remisse,
465 1721 539 1754 sicut
554 1721 668 1753 exiliter
681 1720 710 1753 ὃ(
727 1721 843 1751 reuiilse
859 1721 924 1752 siim
942 1719 1041 1753 bonus
1056 1728 1065 1751 Ξ
1091 1721 1178 1754 Absit
1194 1722 1255 1756 hoc
1271 1724 1288 1754 21
1305 1734 1332 1754 te
1351 1724 1488 1755 Domine
1502 1721 1617 1757 summe
1628 1723 1687 1756 'oo-

200 1780 247 1801 ne.
281 1769 360 1800 Non
385 1768 465 1799 enim
489 1767 560 1798 effes
579 1767 691 1798 summe
714 1764 834 1802 bonus,
863 1764 916 1797 nili
932 1769 964 1797 iii
983 1765 1114 1809 qnalibet
1138 1767 1273 1801 bonitate
1289 1779 1377 1811 qiiam
1400 1768 1493 1801 habe-s
1514 1767 1586 1800 effes
1608 1769 1687 1800 siim-

200 1825 268 1846 rnus
282 1812 397 1845 fiimme
413 1811 530 1851 bonus,
563 1812 593 1846 ὅ(
610 1809 725 1843 summe
745 1811 894 1854 perfeetus
909 1835 917 1848 ,
936 1810 1007 1843 sicut
1022 1816 1052 1846 δέ
1068 1824 1116 1844 me
1132 1814 1266 1857 superius
1284 1815 1407 1846 docuisti
1420 1839 1428 1846 .
1463 1815 1537 1846 Non
1556 1817 1595 1846 est
1611 1826 1685 1857 crgo

197 1869 371 1894 amortuus,
393 1869 456 1902 quo
465 1862 668 1891 amatorem&
683 1858 812 1889 amicum
823 1858 1272 1902 tuum,licetiniligiiiim,aiiias,
1283 1860 1543 1898 exilisaurtenuis,
1558 1859 1685 1903 frigidus

197 1915 250 1937 aut
259 1905 401 1940 remissus,
416 1903 464 1935 sed
475 1900 798 1947 perfestissimusatque
807 1901 942 1934 suminus
959 1916 968 1935 ε
992 1904 1076 1935 Alias
1091 1916 1215 1949 quoquc
1231 1904 1364 1938 bonitate
1381 1909 1470 1938 amati
1489 1910 1518 1940 Sc
1538 1909 1624 1938 amici
1641 1910 1684 1940 tui

197 1948 346 1984 crescente
354 1948 592 1994 poffesamotem
602 1959 684 1980 tuum
694 1949 847 1981 intendere
858 1972 866 1983 ,
881 1952 911 1981 iii
922 1959 1025 1981 aii-iore
1033 1949 1332 1993 proficere&miitari
1343 1977 1350 1988 ,
1375 1953 1458 1983 cuius
1468 1951 1641 1994 oppositum
1652 1954 1681 1985 in

196 1994 430 2041 praecedentibus
444 1994 595 2028 ostendisti
612 1996 718 2037 quinto
733 1995 764 2027 ὁ(
779 1993 921 2026 vicesimo
937 1995 1025 2026 tertio
1034 1997 1132 2037 primi.
1156 1996 1331 2041 Qomodo
1347 2007 1419 2039 ergo
1436 2008 1552 2029 iantiim
1570 1997 1681 2029 amabo

196 2053 242 2078 te,
265 2052 408 2086 quantum
427 2052 458 2073 tu
472 2051 553 2073 :imas
571 2051 620 2071 me
637 2047 646 2070 ὲ
671 2041 737 2073 Imo
760 2040 919 2082 qiionicdo
938 2051 1053 2072 tantum
1074 2041 1140 2084 plns
1161 2042 1273 2074 amabo
1291 2053 1338 2080 ie,
1362 2053 1451 2086 quain
1471 2053 1596 2074 mamas
1613 2054 1680 2082 me,

196 2099 344 2132 quantum
363 2099 394 2119 tu
412 2098 441 2118 es
459 2086 564 2119 melior
579 2096 628 2116 me
645 2092 653 2115 ἒ
681 2086 730 2117 An
748 2084 836 2124 forte,
858 2089 927 2129 qiiia
943 2085 1041 2118 debeo
1057 2098 1158 2120 amare
1169 2099 1197 2119 te
1210 2087 1327 2121 infinite
1345 2087 1579 2131 quodammodo
1588 2099 1681 2132 quaii-

198 2145 261 2168 tum
278 2133 316 2167 ad
336 2131 461 2165 modum
478 2130 617 2166 amandi,
641 2137 672 2163 &
687 2142 831 2174 quantum
850 2131 886 2162 :id
901 2133 1001 2164 astum
1020 2135 1130 2164 amoris
1152 2144 1213 2165 tam
1243 2133 1388 2166 intensiue
1412 2138 1506 2177 quam
1527 2134 1680 2167 exienliud

198 2179 302 2212 modis
321 2178 487 2222 praedistis.
512 2188 542 2210 tu
559 2187 632 2209 vero
646 2188 708 2209 non
728 2175 765 2208 sic
782 2188 865 2209 amas
881 2188 928 2208 me
941 2201 949 2215 ‚
976 2179 1046 2220 quia
1063 2189 1124 2210 non
1141 2177 1202 2211 sum
1218 2178 1255 2210 sic
1270 2179 1416 2212 amandus
1432 2186 1441 2210 ἓ
1467 2178 1574 2211 Debeo
1591 2191 1627 2212 na
1637 2193 1682 2213 m-

197 2236 257 2269 que
278 2236 377 2258 amare
400 2235 427 2256 te
449 2223 576 2256 finaliter
592 2233 714 2266 propter
730 2233 776 2260 te,
805 2223 834 2257 ὃ(
851 2226 956 2254 omnia
979 2224 1035 2256 alia
1054 2235 1182 2269 propter
1204 2236 1252 2262 te,
1279 2236 1310 2257 tu
1333 2236 1432 2258 aurem
1450 2236 1510 2257 non
1528 2236 1613 2259 arnas
1635 2237 1684 2260 me

196 2282 322 2316 propiet
336 2281 402 2309 mc,
427 2280 481 2302 nec
497 2279 602 2302 caetera
617 2279 741 2312 propter
756 2280 805 2300 me
817 2293 825 2306 ,
860 2268 907 2300 sed
933 2280 981 2301 me
996 2270 1026 2303 ὅ(
1050 2271 1105 2301 alia
1122 2281 1245 2315 propter
1261 2282 1289 2304 te
1300 2295 1308 2308 ‚
1332 2269 1405 2303 siciit
1422 2282 1476 2303 ncc
1493 2270 1575 2303 aliter
1591 2274 1604 2314 [ξ
1618 2270 1682 2312 fimt
1700 2274 1712 2314 {j
1724 2273 1811 2304 sumu>

197 2318 336 2349 amanda.
359 2315 466 2348 Debeo
482 2325 572 2346 etiam
591 2325 688 2346 amare
706 2324 734 2344 te
750 2313 865 2347 infinite
881 2315 1115 2356 quodammodo
1130 2315 1270 2348 inteiifiue
1281 2341 1289 2354 ‚
1328 2317 1414 2359 supra
1432 2315 1570 2348 videlicet
1584 2318 1681 2360 quod-

142 2383 168 2415 Ε
199 2374 314 2407 cunque
328 2361 446 2394 bonum
464 2360 581 2393 finitum
599 2384 608 2398 ,
632 2370 664 2391 tu
678 2370 778 2391 autem
794 2371 856 2392 non
875 2358 912 2391 sic
928 2371 1010 2392 amas
1026 2372 1085 2392 me.
1125 2362 1235 2394 Debeo
1250 2373 1376 2405 quoque
1392 2373 1490 2395 amare
1505 2373 1550 2400 ie,
1573 2364 1682 2396 Domi-

197 2420 248 2446 ne,
272 2408 422 2441 summum
437 2406 574 2443 bonum,
595 2404 710 2438 infinite
727 2404 958 2449 quodammodo
980 2405 1150 2442 eXteiisiiie,
1183 2408 1316 2441 volendo
1339 2408 1447 2440 scilicet
1465 2408 1566 2451 potius
1590 2420 1682 2452 quot-

198 2466 315 2498 cunque
331 2454 362 2487 &
377 2463 610 2496 quantacunque
629 2451 710 2484 bona
727 2451 804 2488 alia,
818 2453 908 2484 ctiam
927 2458 957 2484 εί
976 2452 1123 2495 meipsum
1140 2464 1203 2484 non
1220 2451 1276 2486 esse
1293 2464 1385 2496 quam
1402 2465 1448 2492 te,
1480 2454 1527 2486 vel
1543 2457 1634 2497 quam
1653 2466 1681 2488 te

197 2500 289 2534 semel
311 2497 465 2532 offendere
480 2523 489 2537 ,
514 2509 544 2530 tu
566 2508 639 2528 vero
656 2507 717 2528 non
737 2496 775 2527 sic
796 2507 877 2529 anias
901 2508 968 2535 me,
1000 2509 1070 2540 quia
1087 2510 1151 2530 non
1173 2497 1271 2532 debeo
1288 2499 1326 2532 {ic
1348 2502 1452 2532 amati.
1492 2500 1560 2532 Scio
1579 2512 1679 2535 tamen

197 2545 282 2591 quod
298 2544 394 2577 modo
416 2543 550 2587 quodam
570 2541 710 2575 ineffabili
728 2541 799 2574 milii
817 2548 829 2584 Η
848 2551 925 2573 muto
945 2543 1220 2585 incomparabiliter
1243 2547 1340 2589 magis
1360 2557 1443 2578 amas
1467 2556 1534 2576 tiios
1555 2548 1681 2584 amicos,
1698 2544 1823 2584 llignoio.

196 2603 290 2637 quam
303 2591 411 2622 ameris
426 2588 462 2623 ab
479 2588 645 2627 cis,si'ciit&
656 2586 928 2630 incomparabiliter
937 2588 1082 2621 meliores
1092 2590 1120 2623 ὃ(
1130 2591 1242 2623 maior:
1261 2592 1307 2622 Sic
1316 2592 1397 2623 enim
1408 2602 1474 2622 tuiis
1484 2602 1569 2623 amor
1578 2602 1678 2624 omnis

196 2648 338 2671 creatutae
347 2634 604 2670 amorem,s1cut&
615 2644 663 2665 iiia
675 2634 813 2676 quaelibct
824 2633 947 2666 bonitas
955 2638 1056 2667 omnis
1069 2645 1206 2668 creatur-‘e
1213 2635 1347 2679 qualibet
1356 2636 1491 2669 bonitate
1502 2637 1681 2671 transcendit

195 2679 470 2726 incomparabiliter
481 2679 607 2713 infinite.
617 2681 651 2711 O
662 2690 769 2722 magne
780 2681 1080 2722 Domiiic.magiium
1090 2681 1274 2724 bonum‚qui
1285 2683 1390 2726 imples
1398 2683 1512 2714 coelum
1523 2684 1553 2715 ὃ(
1562 2694 1679 2721 terram,

197 2734 262 2762 imo
270 2738 359 2772 quem
369 2726 496 2763 coelum,
511 2725 619 2759 &coeli
630 2725 780 2757 coelorum
792 2737 854 2758 non
864 2728 1006 2768 capiunt,
1023 2725 1095 2759 sicut
1105 2736 1133 2758 2.
1143 2727 1172 2760 ὁ(
1182 2739 1209 2771 5.
1221 2728 1388 2770 primimihi
1400 2727 1505 2772 pusillo
1522 2728 1680 2761 ostendere

197 2773 388 2819 dignabaris!
413 2772 478 2804 Cur
488 2771 643 2815 paruiilam
651 2773 780 2804 animam
791 2782 891 2804 meam
900 2783 961 2805 non
970 2772 1063 2816 reples
1074 2779 1084 2804 ?
1094 2773 1127 2804 O
1139 2783 1250 2812 anima,
1260 2774 1356 2819 quam
1366 2773 1480 2818 pusilla,
1489 2783 1549 2806 tam
1562 2777 1678 2811 milei-a,

1102 2819 1131 2850 G
1141 2829 1161 2862 g
1173 2830 1194 2863 g
1215 2829 1233 2851 2
1613 2832 1680 2865 quae
