1985 3130
105 144 155 193 C
169 164 196 193 A
212 163 252 194 P.
266 160 335 194 22.
794 141 870 190 De
892 141 1013 206 Causa
1041 141 1144 192 Dei.
1694 160 1742 200 55
1753 159 1784 206 7

108 239 139 270 A
166 240 236 273 nius
247 237 425 271 manifestar-
460 237 542 270 Item
551 246 624 268 tunc
632 233 728 280 posset
737 235 838 268 homo
846 246 884 268 ex
893 237 922 269 se
931 235 998 269 solo
1004 236 1120 280 aperire
1130 237 1258 280 pulsanti
1272 238 1391 270 ianuam
1401 237 1502 270 cordis
1512 237 1553 269 sui
1566 262 1574 274 ,
1591 247 1666 269 con-

168 295 213 317 tra
224 286 274 325 38.
283 285 385 329 primi.
409 284 485 318 Item
495 281 554 315 boc
563 281 604 315 est
613 291 722 314 contra
730 283 919 315 Antorimtes
929 282 1065 316 Anselmi
1074 283 1113 314 de
1121 281 1187 315 casu
1197 281 1321 315 Diaboli
1333 293 1384 314 20.
1393 287 1423 317 ὅ(
1435 283 1471 315 de
1482 283 1623 315 Concor.
1632 287 1662 314 6.

165 336 196 366 δι
202 342 235 372 7.
246 329 298 364 vbi
308 328 621 373 ostenditquodDeus
631 327 784 370 tripliciter
791 326 1016 361 efficitomnem
1026 329 1127 362 a&um
1146 328 1310 361 voluntatis
1318 339 1442 366 ercam,
1467 327 1539 360 sicut
1552 330 1665 372 capitu-

164 377 228 409 lum
236 377 414 420 proximum
423 375 570 418 allegauit.
602 372 717 405 Adhuc
726 383 826 406 autem
837 372 868 407 &
885 373 1054 407 secundum
1064 374 1191 408 fimilem
1208 375 1353 408 rationem
1369 375 1455 407 Deus
1472 374 1622 406 diceretur
1632 380 1664 406 sc

165 423 234 455 eflet
248 421 349 455 faetor
357 423 389 458 ἃ
398 422 499 454 Autot
508 420 747 464 peccati,contra
757 420 910 452 Dostores
922 433 929 451 ε
941 419 1023 453 vnde
1031 420 1061 454 ἂ
1070 420 1256 464 Augustinus
1264 420 1302 452 de
1312 420 1411 463 spiritu
1422 419 1453 453 ἃ
1468 421 1552 452 litera
1559 431 1576 451 2
1581 431 1612 457 9·
1625 419 1664 452 sic
1684 421 1844 462 Augustinm,

166 468 207 501 ait
217 478 227 502 3
235 469 352 512 Vtique
360 466 516 500 voluntate
524 465 673 499 credimus
681 464 787 498 dehac
797 467 940 510 quaeritur
953 464 1036 498 vnde
1044 466 1079 498 fit
1087 467 1191 500 nobis.
1215 467 1246 498 Si
1255 466 1359 498 natura
1371 475 1379 499 ³
1389 477 1483 510 quate
1492 477 1554 498 non
1562 467 1664 498 omni-

164 513 234 550 bus,
250 525 320 546 cum
331 511 364 545 fit
373 512 454 546 idem
464 513 549 545 Deus
558 513 701 544 omnium
709 512 851 544 Creator?
861 512 894 545 si
903 511 989 545 dono
998 513 1067 552 Dei,
1074 515 1163 546 etiam
1174 511 1235 544 hoc
1243 522 1335 555 quare
1344 523 1407 543 non
1418 510 1580 549 omnibus,
1591 522 1661 544 cum

165 570 276 592 omnes
286 559 428 592 homines
438 558 509 591 velit
525 556 624 591 fiiluos
633 556 785 596 fieri,&in
795 558 985 601 agnitionem
995 560 1127 591 veritaris
1139 559 1240 591 venire
1259 564 1266 587 ?
1286 557 1368 590 Prius
1386 559 1479 602 igitur
1490 556 1562 589 illud
1578 557 1662 589 dica-

164 617 244 644 mus,
253 612 284 638 se
293 604 447 638 videamus
458 614 561 636 vtrum
571 603 641 636 huic
647 602 805 636 satisfaciat
811 603 983 648 quaestioni,
993 605 1079 648 quod
1089 604 1215 637 liberum
1226 602 1383 636 arbitrium
1400 604 1571 637 naturaliter
1578 605 1663 635 attri-

165 650 272 684 butum
283 651 300 683 ὲ
310 651 458 683 Creatore
466 651 573 683 animae
583 649 735 687 rationali,
746 649 796 681 illa
803 650 903 683 media
911 651 955 682 vis
965 650 1091 695 est,quae
1101 651 1148 682 vel
1158 650 1272 682 intendi
1288 649 1325 681 ad
1342 648 1435 681 fidem
1443 674 1451 687 ,
1465 647 1511 681 vel
1527 649 1662 682 inclinari

164 697 203 731 ad
212 696 420 730 infidelitatem
429 695 574 740 potest,&
581 694 651 729 ideo
660 705 716 729 nec
725 696 806 729 istam
816 695 1016 732 voluntatem,
1024 707 1081 741 qua
1089 696 1183 729 credit
1194 694 1334 731 De0,dici
1344 696 1441 739 potest
1449 693 1558 727 habere
1566 705 1662 739 quam

164 755 228 776 non
235 743 394 786 acceperit,
405 740 529 786 quando
539 740 662 785 quidem
671 752 803 774 vocante
810 741 883 774 Deo
892 741 1026 786 surgitde
1037 741 1134 775 libero
1144 742 1269 774 arbitrio
1280 766 1288 777 ,
1302 741 1386 785 quod
1402 741 1572 773 naturaliter
1589 751 1660 772 cum

107 777 132 810 Β
164 799 323 825 crearetur,
332 789 458 832 accepit.
467 787 505 820 Et
513 798 579 831 cap.
593 797 623 828 31
633 811 640 818 .
651 788 682 821 Si
690 798 789 820 autem
797 787 995 832 respondetur
1001 789 1169 822 cauendum
1181 785 1236 820 esse
1247 811 1256 824 ,
1274 798 1311 818 ne
1320 786 1475 831 quisquam
1485 787 1556 819 Deo
1566 785 1662 819 tribu-

164 834 278 869 endum
286 845 369 879 putet
376 844 543 878 peccat-um,
550 833 632 876 quod
640 833 809 867 admittitur
818 845 869 877 per
876 832 1002 866 liberum
1012 834 1181 873 arbitrium,
1190 832 1207 865 fi
1217 835 1246 865 in
1258 844 1294 865 eo
1303 834 1386 877 quod
1396 834 1515 871 dicitur,
1525 833 1597 876 quid
1607 831 1661 865 ha-

164 880 217 914 bes
225 879 313 925 quod
324 891 386 912 non
397 881 534 923 accepisti
550 885 559 910 Ξ
570 890 733 924 propterea
740 882 831 913 etiam
839 879 979 913 voluntas
988 892 1046 926 qua
1056 881 1222 917 credimus,
1235 879 1322 911 dono
1340 880 1398 912 Dei
1413 877 1552 911 tribuitur
1561 903 1569 915 ‚
1591 880 1661 923 quia

163 927 305 960 delibero
315 927 411 958 existit
418 924 552 961 arbitrio,
560 926 642 969 quod
652 937 723 958 cum
732 937 914 963 crearemur,
924 937 1097 970 accepimus
1109 940 1117 959 :
1128 928 1154 958 A
1161 925 1275 959 ttendat
1285 927 1315 958 ὅ(
1324 925 1432 962 videat,
1442 936 1505 957 non
1515 924 1586 957 ideo
1596 935 1660 957 tan-

164 984 230 1007 tum
240 973 326 1005 istam
336 971 524 1004 voluntatem
532 971 639 1005 diuino
650 973 767 1005 muneri
778 971 980 1012 tribuendam,
988 984 1055 1016 quia
1063 985 1097 1005 ex
1110 971 1205 1005 libero
1213 971 1336 1003 arbitrio
1346 971 1385 1003 est
1403 970 1488 1015 quod
1504 968 1593 1003 nobis
1607 981 1661 1003 na·

163 1019 480 1054 ruraliterconcretum
489 1018 540 1054 est,
556 1020 755 1051 verumetiam
765 1018 988 1062 quodvisoturn
1000 1019 1186 1051 suasionibus
1194 1019 1256 1061 agir
1273 1019 1357 1050 Deus
1373 1029 1405 1049 vt
1422 1016 1547 1048 velimus
1558 1040 1567 1051 ,
1585 1020 1614 1050 δε
1628 1026 1661 1049 vt

165 1065 336 1101 credamus,
353 1063 412 1096 fiue
421 1062 600 1097 extrinsecus
609 1075 663 1107 per
671 1064 835 1108 Angelicas
843 1064 1086 1102 exhortationes,
1096 1062 1399 1100 fiueinttinsecu5,vbi
1416 1072 1507 1095 nemo
1523 1061 1613 1094 habet
1629 1063 1661 1093 iu

164 1112 310 1156 potestate
318 1110 389 1154 quid
398 1111 424 1142 ei
434 1112 533 1142 veniat
541 1121 571 1142 in
582 1120 728 1147 mentem,
739 1110 788 1143 sed
798 1108 964 1144 consentite
972 1111 1018 1144 vel
1037 1109 1186 1144 dissentire
1201 1112 1330 1152 propriae
1346 1109 1515 1140 voluntatis
1524 1109 1574 1140 est.
1602 1106 1661 1140 His

165 1167 241 1202 ergo
253 1155 354 1189 modis
363 1156 488 1200 quando
498 1157 580 1188 Deus
588 1157 727 1200 agitcum
736 1158 838 1189 anima
847 1157 986 1190 rationali
995 1168 1026 1189 vt
1038 1159 1063 1190 ei
1073 1156 1175 1190 credat
1193 1156 1326 1198 (Neque.
1341 1156 1419 1187 enim
1435 1154 1554 1186 credere
1564 1155 1661 1197 potest

166 1200 427 1247 quodlibetlibero
437 1200 573 1241 arbitrio,
582 1201 601 1234 fi
612 1202 691 1235 nulla
703 1201 735 1234 lit
746 1199 905 1239 suafi0,ve1
913 1205 1037 1236 vocatio
1047 1205 1092 1235 cui
1102 1202 1213 1241 credat)
1226 1200 1365 1245 profi-ete>
1374 1198 1508 1243 &ipsum
1518 1200 1591 1231 velle
1600 1210 1662 1231 cre-

164 1250 236 1282 dere
245 1250 329 1282 Deus
338 1253 519 1293 operaturin
531 1247 670 1287 homine,
688 1247 758 1282 &in
767 1247 912 1281 omnibus
927 1248 1128 1282 misericordia
1144 1259 1207 1281 eius
1221 1249 1367 1292 pra-uenit
1384 1257 1451 1278 nos.
1476 1246 1512 1277 Et
1528 1256 1564 1277 nc
1582 1245 1660 1278 forte

164 1305 286 1328 moueat
295 1295 469 1338 quempiam
478 1294 564 1339 quod
574 1293 646 1328 dicit
654 1294 820 1327 consentire
827 1294 874 1326 vel
889 1293 1040 1328 dissenttre
1049 1293 1104 1328 esse
1114 1304 1236 1338 proprie
1247 1293 1409 1326 voluntatis
1422 1316 1427 1327 ,
1444 1291 1527 1336 quasi
1542 1301 1660 1323 tantum

116 1346 147 1379 C
167 1339 200 1374 sit
210 1340 374 1374 voluntatis
384 1341 515 1383 proptiae
523 1345 554 1372 δέ
564 1351 627 1373 non
639 1341 695 1372 Dei
707 1351 716 1374 ·‚
727 1342 853 1376 Caueat,
863 1340 973 1385 quaeso,
991 1341 1129 1386 quilibet,
1138 1351 1242 1373 caueat
1252 1354 1261 1378 ς
1272 1341 1339 1383 quia
1348 1340 1398 1371 istc
1408 1336 1462 1370 fuit
1475 1348 1557 1369 error
1572 1336 1660 1369 Pela-

165 1387 222 1431 gij,
230 1397 263 1418 vt
277 1395 324 1426 37.
335 1393 366 1419 δε
377 1386 428 1427 38.
441 1386 579 1429 capitulis
588 1387 676 1429 primi
686 1397 784 1431 patet:
802 1397 893 1430 quem
903 1387 934 1421 &
944 1387 1130 1431 Augustinus
1140 1399 1191 1431 per
1200 1397 1296 1418 totum
1307 1384 1415 1418 librum
1424 1383 1461 1417 dc
1470 1382 1660 1427 ptaedestina—

165 1435 251 1466 tione
258 1431 426 1465 [austerum
437 1432 544 1465 nititur
551 1433 708 1475 extirpare.
727 1431 820 1464 Vnde
830 1432 899 1474 &4
911 1445 976 1476 cap.
985 1434 1114 1477 loquens
1124 1433 1161 1466 de
1177 1434 1350 1465 Autoritate
1367 1428 1505 1472 Apostoli
1516 1441 1544 1460 in
1556 1429 1593 1461 de
1603 1428 1659 1471 spi-

167 1480 224 1512 riru
235 1479 354 1513 &litera
363 1476 497 1521 superius
509 1487 688 1516 memorata,
696 1476 814 1514 scilicet,
825 1479 915 1518 Qud
926 1479 1018 1513 habes
1029 1478 1112 1524 quod
1121 1490 1182 1512 non
1192 1477 1326 1522 accepisti
1338 1483 1347 1508 t
1360 1474 1397 1509 fic
1404 1476 1443 1508 ait
1454 1475 1549 1517 3Q0
1557 1477 1661 1518 praeci-

168 1535 230 1569 puo
240 1525 413 1557 testimonio
424 1525 512 1557 etiam
522 1525 598 1557 istus
607 1521 668 1567 ipse
679 1526 839 1558 conuictus
847 1523 922 1564 sum,
933 1537 1000 1558 eum
1010 1524 1141 1559 [imiliter
1150 1535 1278 1558 errarem
1289 1548 1298 1560 ‚
1320 1532 1427 1567 putans
1436 1520 1528 1552 fidem
1540 1545 1547 1557 ,
1563 1532 1621 1564 qua
1630 1523 1662 1553 in

167 1572 270 1603 Deum
279 1570 510 1610 credimus‚non
518 1570 575 1601 esse
583 1568 701 1602 donum
711 1570 784 1606 Dei,
803 1569 850 1603 sed
861 1572 878 1603 a
888 1571 974 1604 nobis
984 1572 1040 1604 effe
1049 1573 1079 1604 in
1089 1570 1178 1604 nobis
1190 1597 1198 1608 ,
1219 1574 1250 1605 ὅ(
1265 1580 1319 1613 per
1334 1569 1416 1601 illam
1433 1578 1487 1600 nos
1503 1569 1664 1609 impetrare

167 1616 227 1649 Dei
237 1615 330 1649 dona.
360 1616 398 1648 Et
407 1617 511 1659 accipit
520 1614 561 1647 ibi
571 1614 663 1648 fidem
675 1627 736 1648 non
746 1627 804 1659 pro
813 1615 929 1653 habitu,
946 1616 995 1650 sed
1007 1629 1063 1662 pro
1072 1619 1139 1650 astu
1151 1616 1253 1656 ·,addit
1264 1640 1272 1653 ,
1289 1616 1401 1660 Neque
1411 1624 1491 1645 enim
1504 1612 1594 1646 fidem
1606 1624 1664 1658 pu-

171 1661 271 1695 tabam
281 1662 340 1695 Dei
350 1662 442 1704 gratia
452 1661 618 1705 praeueniti,
634 1660 686 1694 nisi
695 1663 765 1706 quia
772 1661 890 1695 credere
900 1675 963 1697 non
974 1662 1127 1707 poffemus
1137 1687 1146 1700 ,
1167 1661 1187 1695 fi
1204 1673 1264 1695 non
1282 1660 1460 1706 praecederet
1477 1662 1664 1703 praeconium

168 1709 301 1740 veritatis
312 1718 321 1742 3
332 1717 470 1740 vtautcm
479 1705 643 1751 praedicato
654 1707 743 1741 nobis
753 1709 918 1752 Euangelio
936 1708 1327 1746 constndremusmostmm
1342 1703 1400 1739 esse
1418 1708 1573 1749 proprium
1588 1704 1665 1737 arbi-

170 1753 280 1787 trabar:
306 1755 414 1793 Quem
425 1764 527 1785 meum
536 1764 669 1786 errorem
680 1754 827 1787 nonnulla
835 1754 980 1798 opuscula
989 1767 1054 1788 mea
1065 1757 1130 1787 satis
1139 1754 1282 1790 indicant,
1292 1755 1321 1785 in
1333 1751 1439 1795 quibus
1448 1751 1487 1783 est
1497 1750 1567 1783 illud
1577 1751 1665 1794 quod

169 1799 430 1832 commemorastis
439 1801 468 1831 in
478 1797 560 1831 libris
568 1800 670 1832 vestris
678 1823 686 1837 ‚
703 1800 755 1832 vbi
765 1800 916 1843 expolitio
925 1803 964 1834 est
974 1801 1163 1845 quarundam
1180 1798 1424 1844 propolitionum
1439 1807 1477 1828 ex
1494 1797 1616 1840 epistola
1625 1796 1664 1830 ad

167 1845 338 1878 Romanos.
355 1846 495 1887 Denique
502 1855 571 1877 cum
582 1855 650 1877 tnea
663 1847 769 1879 cuneta
777 1847 923 1890 opuscula
934 1848 1139 1883 retraetarem,
1154 1849 1237 1880 cuius
1244 1846 1342 1889 operis
1353 1846 1412 1876 iarn
1421 1843 1497 1876 duos
1507 1842 1599 1874 1=br0s
1611 1842 1662 1876 ab·

116 1912 150 1947 D
170 1891 398 1928 solueram‚cum
407 1890 444 1922 ad
455 1889 537 1923 hunc
547 1890 656 1924 librum
668 1892 890 1925 retractandum
900 1895 930 1926 in
941 1894 1040 1936 ptimo
1050 1893 1207 1926 volumine
1216 1889 1422 1935 perueniffem.
1432 1886 1469 1920 stc
1479 1888 1549 1921 inde
1558 1888 1665 1933 loquu-

170 1947 217 1970 tus
227 1938 302 1975 sum,
310 1937 341 1970 ἃ
350 1937 389 1969 est
401 1945 428 1968 1.
440 1936 572 1970 Retrast.
581 1946 632 1977 23.
641 1936 720 1970 Item
731 1937 817 1980 quod
825 1938 980 1982 disputans
988 1938 1186 1983 iuquit,Qid
1199 1939 1320 1982 elegerit
1328 1938 1357 1969 in
1368 1934 1506 1967 nondum
1516 1945 1599 1971 nato,
1610 1934 1663 1966 sti-

169 1982 238 2016 licet
248 1981 375 2017 Iacobo?
385 1980 422 2015 ad
431 1981 493 2014 hoc
501 1982 628 2025 perduxi
638 1984 916 2023 ratiocinationem,
925 1995 958 2017 vt
968 1983 1096 2018 dicerem
1106 2009 1115 2022 ,
1138 1985 1214 2016 Non
1230 1994 1303 2027 ergo
1313 1982 1401 2025 elegit
1416 1982 1500 2013 Deus
1509 1990 1601 2023 opera
1610 1991 1663 2012 cu·

169 2031 308 2075 iniquam
319 2030 348 2061 in
358 2028 540 2072 praelcientia
549 2039 608 2071 que
619 2026 677 2072 ipst:
685 2028 810 2062 daturus
818 2030 870 2067 est,
888 2029 934 2061 sed
945 2029 1049 2069 fidem,
1061 2031 1277 2063 scilicetaecum
1300 2041 1308 2062 ·,
1335 2026 1426 2060 Vnde
1442 2024 1592 2068 subiungit
1603 2050 1612 2062 ‚
1629 2037 1663 2058 Vt

170 2086 262 2119 quem
271 2073 324 2107 fibi
332 2073 517 2107 crediturum
528 2072 583 2107 effe
591 2072 744 2117 praestiuit,
755 2074 851 2118 ipsum
861 2076 999 2119 eligeret,
1016 2078 1065 2108 cui
1080 2078 1226 2117 Spiritum
1237 2076 1381 2107 Sanftum
1392 2072 1474 2105 daret
1484 2082 1516 2103 vt
1532 2070 1615 2104 bona
1625 2083 1663 2103 ο-

169 2120 306 2166 perando
315 2123 403 2153 etiarn
414 2122 504 2153 vitam
514 2130 656 2153 aeternam
667 2122 909 2166 consequeretur.
919 2121 1051 2154 Proinde
1061 2122 1143 2165 quod
1152 2121 1304 2153 continuo
1316 2119 1389 2154 dixi,
1399 2119 1481 2150 Dicit
1490 2118 1569 2149 enim
1579 2117 1662 2150 idem

169 2166 350 2210 Apostolus,
360 2165 446 2199 Idem
460 2167 542 2198 Deus
554 2167 605 2209 qui
615 2170 868 2208 operaturomnia
877 2179 906 2199 in
919 2166 1078 2206 omnibus,
1089 2168 1249 2211 Nusquam
1260 2166 1373 2199 dierum
1384 2164 1436 2202 est,
1446 2164 1530 2195 Deus
1539 2164 1662 2205 quicte-

171 2211 215 2245 dit
223 2213 364 2246 omniain
374 2211 529 2245 omnibus.
546 2213 595 2245 Ac
603 2210 712 2244 deinde
720 2211 871 2250 subiunxi.
883 2212 983 2255 Qiod
992 2213 1073 2245 enim
1085 2214 1235 2245 credimus
1243 2212 1388 2248 ,nostrum
1399 2211 1456 2246 est3
1467 2208 1550 2251 quod
1558 2219 1660 2242 autem

169 2256 288 2290 bonum
297 2258 544 2301 operamurillius
552 2259 604 2294 est,
613 2257 865 2302 quicredentibus
874 2259 922 2292 dar
931 2260 1074 2302 Spiritum
1084 2260 1240 2292 Sanctum.
1264 2256 1404 2290 Profecto
1415 2265 1478 2287 non
1488 2255 1629 2292 dicerem,
1639 2253 1660 2288 fi

169 2305 231 2337 iam
242 2304 344 2337 scirem
355 2304 445 2336 etiam
454 2304 546 2346 ipsam
556 2303 650 2336 fidem
660 2305 738 2336 inter
753 2305 812 2337 Dei
822 2315 948 2338 munera
958 2305 1079 2349 reperiri
1092 2330 1100 2344 ,
1114 2316 1179 2348 quse
1189 2304 1298 2337 dantur
1308 2306 1337 2335 in
1349 2301 1459 2333 eodem
1476 2302 1587 2343 spiritu.
1613 2302 1660 2333 V·

168 2360 309 2394 tmmque
319 2361 393 2393 ergo
404 2350 538 2383 nostrum
548 2349 588 2382 est
597 2349 880 2394 propterarbittium
898 2350 1062 2383 voluntatis
1073 2373 1082 2387 ,
1104 2355 1134 2385 δι
1151 2361 1313 2393 virumque
1327 2359 1428 2381 tamen
1438 2345 1539 2379 datum
1550 2347 1590 2378 est
1605 2357 1658 2389 pet

170 2397 302 2439 spiritum
313 2394 422 2429 fidei&
430 2394 599 2428 charitatis:
625 2395 702 2428 Non
709 2397 790 2427 enim
798 2394 857 2430 sola
867 2395 1006 2432 charitas,
1016 2395 1062 2428 sed
1072 2395 1142 2427 licut
1154 2395 1294 2439 scriptum
1304 2395 1341 2427 cst
1351 2418 1359 2432 ,
1375 2392 1504 2426 charitas
1519 2402 1587 2424 curn
1596 2391 1659 2425 fide

115 2451 143 2486 E
169 2441 187 2474 ὲ
195 2443 276 2475 Deo.
291 2441 328 2474 Et
335 2441 418 2485 quod
429 2441 597 2485 paulopost
606 2439 679 2480 dixi,
705 2441 854 2475 Nostrum
861 2444 901 2475 est
910 2441 1030 2475 credere
1039 2442 1068 2475 ὅ(
1080 2441 1155 2474 velle
1166 2453 1252 2475 ,ecce
1261 2439 1340 2484 quod
1352 2439 1488 2484 loquitur
1496 2437 1532 2471 de
1542 2437 1611 2470 ac'tu
1622 2437 1658 2471 fi-

169 2486 229 2525 dei,
242 2486 392 2520 Nostrum
400 2488 449 2523 est,
460 2487 569 2530 inquit,
577 2485 697 2520 credere
706 2493 737 2520 Sc
747 2489 833 2525 velle,
842 2488 931 2533 ipsius
939 2498 1039 2521 autem
1047 2488 1115 2521 dare
1122 2487 1308 2520 credentibus
1319 2484 1487 2518 facultatem
1499 2482 1574 2516 bene
1582 2494 1658 2527 ope·

169 2532 313 2576 tandiper
321 2531 454 2573 spiritum
465 2530 600 2567 finitum
611 2557 620 2571 ,
643 2544 694 2577 per
707 2542 798 2575 quem
808 2534 936 2567 charitas
944 2532 1122 2566 diffunditur
1139 2535 1168 2565 in
1187 2532 1331 2566 cordibus
1340 2531 1456 2564 nostrie.
1489 2531 1605 2563 verum
1616 2531 1656 2563 est

169 2577 309 2624 quidem.
317 2577 366 2611 sed
375 2578 479 2612 eadem
490 2579 590 2622 regula
599 2580 628 2614 ὅ(
639 2589 800 2622 Vtrumque
808 2578 898 2624 ipfius
908 2582 960 2619 est,
968 2581 1039 2624 quia
1050 2581 1110 2622 ipse
1120 2590 1265 2625 praeparat
1276 2579 1462 2611 voluntatem
1474 2601 1482 2614 ,
1499 2580 1529 2610 δι
1539 2585 1655 2607 vrrum-

167 2635 226 2668 que
234 2624 380 2663 nostrum,
394 2625 464 2666 quia
473 2636 536 2657 non
547 2624 580 2658 fit
590 2623 642 2657 nili
651 2625 823 2659 volentibus
831 2625 931 2659 nobis.
962 2627 1039 2658 Ecce
1049 2626 1133 2670 quod
1152 2626 1338 2668 Augustinus
1346 2625 1376 2656 in
1392 2622 1438 2655 his
1449 2619 1573 2654 duobus
1581 2620 1655 2653 locis

167 2671 319 2705 retrae'tat,
329 2670 412 2715 quod
421 2669 495 2704 dixit
507 2669 751 2714 superepistolam
761 2671 801 2704 ad
819 2672 992 2708 Romanos,
1003 2673 1136 2705 Credere
1146 2676 1176 2703 δε
1189 2666 1263 2705 velle
1272 2672 1328 2704 esle
1337 2671 1470 2702 nostrum
1481 2673 1531 2707 ;&
1539 2676 1656 2699 certum

169 2714 310 2760 estipsum
321 2727 512 2759 nequaquam
521 2726 580 2750 tam
589 2716 794 2758 insanicapins
805 2728 876 2751 tunc
885 2716 968 2751 fuiffe
979 2742 988 2756 ‚
1003 2718 1125 2763 quando
1133 2717 1239 2751 scilicet
1249 2718 1313 2760 post
1328 2713 1559 2748 conuerfionem
1576 2710 1656 2745 luam

167 2762 312 2806 exposuit
319 2761 383 2795 illas
392 2761 612 2806 propositiones
621 2762 751 2806 epistola:
758 2774 946 2801 memormae,
956 2764 1039 2809 quod
1051 2763 1182 2797 crederet
1194 2788 1203 2801 ‚
1220 2763 1354 2797 Credere
1361 2762 1392 2796 ὅ(
1402 2760 1477 2793 velle
1487 2759 1543 2792 effe
1553 2757 1590 2790 sic
1599 2768 1656 2789 no-

167 2807 308 2846 ssrumfat
318 2810 418 2840 anima
428 2808 590 2846 rationalis,
598 2807 779 2847 intellectus,
787 2810 964 2843 &voluntas
973 2811 1042 2844 effet
1053 2810 1165 2846 nostra,
1175 2809 1223 2843 scu
1233 2810 1348 2844 noster,
1364 2813 1393 2842 δι
1403 2805 1491 2840 nobis
1500 2815 1536 2836 ex
1554 2802 1656 2841 nobis,

166 2854 208 2889 ita
215 2851 303 2900 quod
311 2865 376 2889 non
384 2855 402 2887 ὲ
410 2854 560 2892 Βεο,ἰωὸ
569 2853 641 2890 ficut
649 2865 707 2889 tam
715 2856 883 2890 letiesillius
892 2855 1196 2902 expolitionis,quam
1206 2855 1425 2889 retrastatiouis
1433 2849 1656 2928 petliibetcittgnc

1032 2902 1060 2934 A
1072 2914 1087 2936 a
1095 2913 1111 2934 a
1136 2912 1150 2943 3
1516 2906 1563 2929 crc
1586 2906 1600 2927 c
1624 2903 1653 2927 at

1678 1371 1838 1412 Augustinus.
