1985 3130
136 143 223 194 CA
241 165 281 195 P.
296 150 370 197 28.
831 149 906 198 De
926 151 1046 215 Causa
1063 151 1168 203 Dei.
1717 180 1796 228 7¹9

133 236 164 270 Α
193 244 279 276 αξξυς
287 241 369 277 liberi
379 242 494 283 arbitrii
504 255 566 278 non
576 243 720 276 dicuntur
727 243 897 278 omnino&
907 242 1078 289 simpliciter
1084 244 1181 283 liberi,
1193 250 1261 291 quia
1269 257 1333 280 non
1342 251 1474 293 respectu
1484 262 1685 295 quarumcun-

191 299 250 331 que
258 287 424 330 musarum,
433 292 578 334 quoniam
586 288 719 333 respestu
727 287 911 333 superiorum
921 289 1063 323 dicuntur
1072 290 1223 330 necessarii
1233 314 1242 328 ‚
1263 292 1314 326 sed
1331 294 1471 329 dicuntur
1486 298 1570 330 liberi
1580 297 1683 333 secun-

191 334 264 367 dum
273 335 347 381 quid
357 336 591 374 tautum,lcilicet
599 331 728 378 respectu
737 334 911 367 inferiorum
922 336 1086 375 causatum,
1095 335 1167 369 ficut
1175 340 1316 382 quintum
1324 341 1355 375 ἃ
1362 351 1480 374 nonum
1489 341 1578 377 huius
1585 348 1681 378 osten-

190 381 275 414 dunt.
302 383 404 424 Qre
412 382 443 416 ἁ
453 381 519 424 post
528 379 618 413 verba
633 380 684 412 sua
692 379 845 424 preposita
854 381 949 413 statim
958 380 1068 420 subdit,
1078 381 1159 416 haud
1168 386 1256 427 igitur
1266 385 1371 418 iniuria
1383 386 1525 428 diximus,
1539 389 1603 422 haec
1611 391 1630 423 fi
1640 392 1678 424 ad

189 425 320 460 diuinam
329 428 468 460 notitiam
475 425 652 464 referantur,
660 427 816 459 netellaria
825 440 835 464 ς
844 425 864 458 fi
873 437 925 470 per
933 426 960 458 se
967 427 1202 466 considerentur,
1209 428 1387 464 neceffitaris
1394 430 1452 465 esse
1459 434 1586 468 nexibus
1592 435 1651 469 abs
1645 449 1678 469 o-

188 471 260 505 lura.
276 473 415 516 Intelligit
424 483 496 516 ergo
506 473 627 505 Boetius
635 474 667 503 in
675 471 879 504 autoritatibus
885 471 1034 515 allegatis,
1044 473 1127 516 quod
1134 484 1237 508 omnia
1245 475 1342 509 futura
1352 480 1488 511 euenient
1498 480 1535 512 de
1552 478 1677 514 necessi-

189 527 250 550 rate
259 519 444 560 superiorum
454 517 618 556 causarum,
634 516 704 549 sicut
714 516 875 561 capitulum
885 528 1059 560 proximum
1070 520 1255 562 exponebat,
1271 532 1335 553 non
1345 522 1383 555 de
1393 524 1563 559 necessitate
1570 537 1626 559 con
1632 530 1676 559 se-

188 565 320 607 quentiae
335 565 384 596 scu
398 563 594 596 conditionali
608 561 825 595 tantummodo
833 585 842 600 ‚
861 561 931 595 licut
939 565 990 595 ista
998 563 1153 608 responlio
1162 564 1339 600 somniauit:
1354 569 1436 611 quod
1446 574 1477 602 &
1485 570 1585 604 adhuc
1593 572 1674 607 aliud

189 608 314 641 verbum
323 611 387 643 eius
395 609 533 642 ostendit.
549 608 638 642 Hanc
647 610 726 641 euim
737 608 937 640 necetiitatem
946 608 1106 642 secundum
1114 611 1213 644 causas
1220 613 1387 656 superiores
1395 615 1593 657 concessurus,
1605 619 1636 653 ὅ(
1644 630 1673 651 a-

187 653 257 687 liam
267 665 437 698 negaturus,
449 652 899 700 praemilit,Fatebor,inquiens,
909 664 972 685 rem
980 654 1160 688 solidisfimae
1170 660 1311 697 veritatis,
1331 658 1379 691 sed
1389 664 1435 694 cui
1446 663 1496 693 vix
1504 662 1608 707 aliquis
1616 664 1672 696 nisi

188 699 282 733 diuini
290 702 403 744 ingenii·
414 701 579 744 speculator
587 700 742 733 accensent.
771 698 974 743 Respondebo
991 711 1123 745 namque
1137 702 1218 735 idem
1230 704 1363 738 futurum
1374 728 1382 741 ,
1404 716 1473 739 cum
1489 708 1527 741 ad
1536 709 1673 742 diuinam

131 735 155 767 Β
188 747 348 779 notionem
358 747 490 785 refertur,
500 747 711 784 neccliarium3
727 755 796 777 cum
805 744 879 778 vero
887 747 918 777 in
927 744 978 777 sua
988 757 1092 779 natura
1101 749 1306 792 perpenditur,
1316 750 1443 784 liberum
1452 756 1570 795 prorsus
1581 765 1672 798 atque

186 790 354 825 abiolutum
363 792 469 825 videri.
496 792 527 825 Si
536 802 636 825 tamen
646 791 682 823 de
698 790 869 824 necesfitate
877 790 1099 835 consequentiae
1115 797 1164 826 Ieu
1180 795 1380 829 conditionali
1398 799 1615 831 tantummodo
1624 801 1672 832 lo·

185 847 339 879 queretur,
349 840 413 882 quis
423 847 524 870 tamen
532 836 635 871 asinini
652 837 764 880 ingenii
781 847 813 868 vt
822 836 860 869 ad
868 836 948 869 illam
958 848 1020 870 non
1037 839 1175 872 facillime
1182 838 1331 875 accesserit
1339 843 1545 886 speculandam
1564 851 1574 876 ἒ
1589 848 1669 890 Quis

185 893 320 927 vnquam
329 885 411 917 istam
420 885 666 927 consequentiam
676 881 722 915 seu
732 881 972 915 conditionalem
982 885 1062 916 noris
1071 889 1206 919 terminis
1215 896 1277 918 non
1290 886 1383 926 fouit,
1400 889 1481 922 Deus
1490 891 1599 932 praelcir
1610 893 1668 925 hoc

185 926 264 963 fore.
274 929 322 962 vel
331 929 350 961 fi
358 930 443 962 Deus
453 929 561 972 praescit
571 928 630 962 hoc
639 928 716 967 fore,
726 927 787 960 hoc
795 930 849 960 erit
859 934 868 959 Ξ
886 929 922 960 Et
931 933 996 973 quis
1005 931 1035 961 in
1045 930 1133 963 literis
1143 930 1369 977 Philosophicis
1378 958 1387 972 ‚
1402 933 1447 967 seu
1457 934 1665 981 Theologicis

184 973 223 1005 ad
234 974 322 1008 limen
330 974 428 1008 saltem
438 977 606 1017 prouestiis‚
624 977 770 1007 autetiam
780 974 872 1007 idiota
880 986 1123 1018 omnipotentem
1139 978 1237 1009 Deum
1247 978 1381 1017 credens,
1390 979 1473 1012 istam
1482 984 1666 1026 consequen-

184 1022 256 1053 tiim
265 1021 519 1063 ignoramt,Deus
529 1020 666 1064 prouider
674 1024 704 1055 &
713 1020 774 1052 vult
782 1019 841 1052 hoc
849 1023 918 1058 elie,
935 1031 1009 1064 ergo
1019 1020 1077 1052 hoc
1086 1028 1160 1053 crit?
1175 1024 1232 1055 Vel
1243 1024 1307 1066 quis
1317 1024 1417 1056 saltem
1427 1026 1464 1058 ad
1472 1027 1554 1058 istam
1565 1039 1620 1060 con
1626 1030 1665 1060 sc-

208 1077 339 1099 uenriam
349 1064 558 1110 speculandam
567 1065 690 1100 faciliter
697 1076 760 1097 non
769 1065 909 1097 accedat?
924 1067 999 1097 Non
1008 1077 1083 1109 ergo
1091 1068 1222 1111 loquitur
1230 1068 1267 1100 de
1276 1069 1443 1104 necestitate
1450 1073 1664 1117 consequente

183 1077 232 1145 peu
241 1111 725 1150 conditionalitantummodo,sed
735 1111 794 1144 alio
800 1111 934 1155 capitulo
943 1121 1088 1155 proximo
1097 1114 1254 1147 declarata.
1278 1115 1315 1148 Et
1326 1114 1343 1146 li
1355 1117 1419 1159 quis
1429 1117 1465 1150 ad
1474 1119 1554 1151 istius
1563 1125 1663 1152 necet-

182 1158 272 1191 sitatis
282 1158 512 1201 speculationem
519 1168 710 1202 nequaquam
718 1156 880 1196 accesserit,
900 1168 962 1190 non
971 1159 1097 1202 imputet
1103 1162 1204 1202 quaeso
1214 1159 1287 1191 mihi
1295 1159 1353 1198 ,sed
1364 1164 1406 1192 sui
1416 1162 1539 1196 humani
1551 1166 1663 1207 ingenit

182 1204 325 1242 tarditati,
346 1214 457 1247 rogans
466 1202 617 1236 humiliter
627 1210 658 1237 sc
667 1212 788 1238 attente,
798 1213 943 1246 quatenus
953 1203 1045 1236 diuini
1054 1206 1165 1248 ingeni]
1180 1206 1304 1249 aliquod
1322 1209 1510 1250 participium
1520 1220 1664 1243 mereatur

182 1251 331 1293 accipere,
341 1260 401 1292 quo
410 1247 502 1293 ipsam
512 1250 606 1282 valeat
614 1248 757 1295 speculari
772 1262 780 1281 :
799 1250 1134 1294 necaestitnetquispiam
1142 1259 1332 1284 autoritatem
1348 1253 1447 1291 Boetij
1466 1265 1665 1288 contemnen-

127 1281 158 1314 C
183 1295 263 1333 darn,
270 1305 339 1327 cum
347 1296 462 1328 (anetus
471 1297 662 1337 Augustinus,
676 1292 797 1327 Anstim
803 1306 847 1332 us,
856 1296 884 1328 ἁ
893 1293 1046 1331 Thomas,
1061 1296 1171 1340 aliique
1181 1298 1373 1341 quamplures
1382 1299 1535 1332 Doctores
1544 1300 1665 1333 Carbo-

181 1342 229 1374 lici
238 1339 335 1385 ipsum
345 1344 375 1372 in
385 1342 435 1374 ista
444 1342 565 1374 materia
575 1343 739 1373 imitentur.
771 1341 840 1373 Erat
850 1351 980 1383 namque
991 1352 1118 1384 magnus
1129 1341 1372 1386 Philosophus&
1386 1344 1509 1379 Dostor
1525 1344 1668 1380 Catholi-

181 1398 245 1424 ως,
256 1385 401 1420 ficurlibti
409 1384 451 1419 sui
461 1384 664 1430 Philosophici
674 1385 705 1420 ὃ(
715 1384 901 1429 Theologici
912 1388 1100 1420 manifestant
1110 1411 1118 1424 ‚
1133 1388 1316 1434 tandemque
1331 1389 1414 1422 stelici
1423 1394 1566 1436 martyrio
1576 1403 1663 1425 coro-

178 1430 472 1477 natus.ascfipmst{ue
479 1433 657 1465 Sanctorum
664 1432 803 1475 catalogo
812 1431 863 1464 iub
873 1434 997 1465 nornine
1005 1434 1135 1466 Seuerini
1146 1446 1154 1466 :
1163 1433 1292 1468 habebat
1300 1446 1428 1479 namque
1434 1438 1530 1470 multa
1539 1440 1664 1471 nomina

179 1488 266 1511 more
275 1477 424 1511 nobilium
432 1479 730 1521 Romanorum‚quae
737 1489 769 1511 vt
777 1481 980 1511 communiter
988 1478 1135 1512 librorum
1144 1479 1266 1512 suorum
1274 1481 1366 1518 initiis
1375 1481 1606 1524 praescribuntur.
1614 1485 1664 1516 Se-

181 1524 282 1557 cundo
291 1523 343 1556 ista
351 1522 503 1567 responsio
511 1523 611 1558 deficit
619 1533 652 1556 vt
660 1525 778 1556 incauta
795 1536 803 1555 :
818 1534 881 1556 non
890 1526 971 1556 enim
980 1526 1058 1557 cauit
1066 1525 1263 1559 necessitatem
1272 1536 1360 1571 quam
1381 1527 1477 1561 voluit
1494 1529 1523 1562 &
1538 1529 1639 1562 credid
1653 1540 1664 1563 t

179 1567 360 1613 praeeauisse‚
368 1580 421 1602 nec
431 1568 531 1602 tribuit
540 1569 630 1603 nobis
638 1579 732 1614 quam
741 1569 839 1602 voluit
851 1570 882 1604 ot
891 1570 1016 1602 credidit
1024 1568 1147 1603 liberam
1157 1572 1346 1615 potestatem.
1371 1573 1401 1606 Si
1411 1576 1492 1605 enim
1500 1575 1552 1606 ista
1561 1575 1663 1607 consc-

180 1615 525 1660 quentiaestnecessaria‚
541 1617 624 1649 Deus
632 1616 802 1658 praescitaut
810 1615 939 1659 praeuult
955 1615 1162 1661 quodcunque
1169 1628 1243 1662 ergo
1260 1617 1334 1651 illud
1342 1620 1397 1650 erit
1406 1643 1415 1657 ‚
1435 1622 1466 1650 κ
1481 1620 1661 1653 antecedens

180 1671 242 1694 non
253 1660 333 1694 estin
340 1660 486 1704 potestate
492 1661 604 1697 nostra,
613 1659 841 1694 sicutdecimurn
851 1663 991 1704 quintum
1000 1663 1088 1705 primi
1099 1668 1128 1696 8(
1137 1663 1283 1696 octauum
1293 1662 1383 1696 huius
1392 1665 1570 1704 ostendunt;
1587 1677 1661 1710 crgo

180 1717 237 1740 nec
246 1707 431 1750 consequens
439 1708 480 1740 cst
488 1708 516 1739 in
527 1708 668 1751 potestate
676 1707 778 1740 nostra
784 1705 955 1750 simpliciter
968 1706 1062 1739 libera
1079 1714 1110 1742 ac
1125 1708 1289 1742 exclusaria
1306 1710 1490 1743 necessitatis
1503 1710 1661 1744 cuiussibet

180 1752 386 1795 praecedentis.
413 1752 527 1786 Tertio
541 1751 642 1786 deficit
655 1753 705 1787 ista
719 1752 885 1796 responsio,
897 1754 966 1796 quia
983 1753 1146 1798 plurimum
1164 1755 1309 1788 diminuta
1325 1769 1335 1794 ς
1351 1756 1418 1798 quia
1431 1755 1500 1789 licet
1508 1755 1660 1799 aliquibus

123 1818 157 1851 D
181 1799 281 1841 paucis
288 1797 496 1831 autoritatibus
506 1809 684 1842 apparenter
692 1808 844 1842 vrcunque
852 1798 1039 1842 respondeat,
1056 1798 1222 1833 rationibus
1231 1811 1331 1833 tamen
1340 1799 1425 1833 fastis
1434 1804 1464 1835 δι
1473 1803 1660 1846 quampluri-

180 1845 238 1876 mis
244 1844 454 1877 autoritatibus
463 1844 530 1881 aliis
538 1855 602 1876 non
612 1842 771 1887 respondet
782 1854 838 1876 nec
853 1846 964 1887 poterit
979 1846 1171 1885 respondere.
1199 1846 1381 1889 Qiomodo
1398 1857 1531 1890 namque
1546 1850 1660 1891 poterit

178 1890 359 1932 respondere
367 1888 531 1923 rationibus
542 1889 581 1922 ibi
591 1890 686 1927 raetis,
701 1891 731 1924 ἃ
740 1889 902 1934 specialiter
911 1888 1090 1934 syllogistice
1098 1893 1206 1924 rationi
1223 1898 1231 1922 ?
1248 1891 1428 1933 Quoinodo
1436 1893 1522 1924 ctiam
1533 1894 1659 1934 respon·

179 1933 262 1968 debit
272 1934 485 1975 Ecclesiastico,
496 1936 678 1978 Augustino,
687 1934 819 1980 Sibyllae,
827 1936 966 1967 Domino
976 1935 1078 1969 nostro
1090 1935 1576 1980 Christo,Chrys0st0mo‚Paulo‚
1585 1938 1654 1975 Iob.

179 1981 349 2023 Gregorio,
357 1979 476 2018 Tobiae,
485 1979 741 2019 Esaiae,1eremiae,
749 1987 781 2014 8(
792 1978 902 2013 Gloffae
915 1989 924 2013 ἓ
938 1982 996 2014 Vel
1005 1982 1166 2024 quomodo
1183 1985 1294 2026 poterit
1308 1983 1487 2026 respondere
1494 1983 1530 2016 ad
1539 1982 1660 2016 necesti-

179 2035 270 2058 tatem
278 2026 328 2059 sati
337 2026 443 2063 diuini,
457 2027 488 2062 δι
496 2027 534 2059 ad
542 2038 596 2058 om
602 2036 652 2059 nes
661 2029 834 2059 autoritates
840 2037 874 2059 ac
883 2026 1053 2060 Parisienles
1061 2028 1198 2061 articulos
1205 2028 1285 2061 illam
1296 2029 1457 2072 probantes
1474 2036 1482 2058 ὲ
1504 2028 1616 2062 Nullus
1630 2040 1660 2060 e-

177 2072 242 2104 nim
251 2082 369 2115 ponens
378 2070 577 2106 necesiitatem
586 2070 721 2109 fatalem,
731 2073 818 2116 ponit
827 2083 894 2104 eam
907 2070 963 2105 effe
971 2072 1169 2106 necesitatem
1177 2073 1457 2117 consequentiae‚sed
1466 2073 1658 2107 conditiona-

177 2117 237 2150 lem
246 2117 473 2151 tantummodo.
495 2120 610 2161 Qoue
616 2117 718 2150 colore
725 2120 835 2162 poterit
842 2118 1022 2160 respondere
1029 2118 1065 2151 ad
1074 2121 1246 2153 autoritates
1255 2121 1413 2162 Augustini
1426 2129 1452 2161 5.
1460 2119 1498 2151 de
1505 2122 1582 2152 ciuiti
1591 2121 1658 2158 Dei,

177 2164 250 2202 9.&
262 2170 319 2200 ro}
329 2163 499 2207 Nunquam
506 2174 586 2196 enim
597 2162 653 2196 fuir
661 2163 764 2207 aliquis
773 2164 946 2196 Stoicorum
956 2173 1016 2196 tam
1026 2164 1231 2204 stolidus‚imo
1241 2175 1296 2198 nec
1305 2166 1411 2208 aliquis
1422 2166 1582 2197 Laicorum
1595 2176 1656 2197 tam

179 2208 288 2242 Laicus
301 2233 309 2245 ,
326 2219 360 2242 vt
373 2209 503 2243 crederet
511 2220 635 2242 omnem
646 2203 844 2241 necesfitatem
858 2209 1080 2252 consequentiae
1097 2211 1143 2243 seu
1158 2210 1398 2243 conditionalem
1407 2209 1534 2243 libertati
1544 2209 1655 2248 arbitrii

177 2265 357 2298 repugnare.
379 2256 462 2296 Quis
469 2256 548 2288 enim
557 2265 618 2288 tam
629 2255 768 2287 rudisaut
782 2255 882 2287 fatuus
894 2280 903 2292 ,
918 2257 968 2298 qui
985 2257 1104 2298 ignoret
1120 2255 1318 2289 necessitatem
1335 2255 1424 2288 huius
1440 2254 1655 2298 consequentia:

178 2299 209 2333 ὃ(
217 2299 428 2334 conditionalis
436 2325 447 2339 ‚
470 2301 501 2334 Si
519 2309 552 2333 tu
566 2302 610 2333 vis
625 2298 717 2333 libere
729 2323 739 2337 ,
761 2310 793 2332 tu
803 2302 847 2333 vis
854 2299 956 2339 libere,
976 2298 1073 2333 secum
1086 2303 1218 2346 compati
1231 2301 1343 2339 arbitri)¹
1360 2300 1527 2333 libertatem
1552 2302 1567 2330 ?
1591 2301 1656 2334 Cur

177 2345 444 2389 ergoAugustmus
459 2345 647 2387 redargueret
661 2346 781 2379 Stoicos
794 2345 871 2378 hanc
884 2357 1031 2390 ponentes
1041 2371 1052 2386 ‚
1071 2347 1089 2379 fi
1106 2346 1229 2390 ipsemet
1237 2346 1349 2380 ibidem
1359 2346 1437 2378 bane
1447 2345 1575 2378 candem
1587 2347 1617 2380 ὅ(
1626 2358 1656 2378 a-

123 2396 147 2428 E
179 2391 252 2423 liam
268 2390 382 2424 nullam
390 2398 504 2435 ponat?
534 2392 599 2424 Cur
612 2393 700 2425 etiarn
711 2390 815 2424 §tustra
830 2391 920 2424 docet
935 2391 1014 2425 hanc
1032 2393 1233 2426 necessitatem
1251 2404 1311 2425 non
1325 2392 1457 2426 adimere
1473 2391 1654 2430 libertatem,

179 2436 251 2470 cum
267 2436 365 2470 nullus
381 2447 514 2482 vnquam
524 2436 682 2470 hominum
691 2435 749 2470 hoc
759 2438 882 2470 nesciuit
898 2445 907 2469 ἐ
924 2439 1030 2478 Quare
1039 2437 1120 2472 haud
1128 2438 1218 2472 dubie
1228 2450 1291 2470 non
1306 2439 1390 2471 istam
1398 2437 1603 2470 necessitatem
1612 2438 1654 2471 ibi

181 2480 299 2516 volebat
307 2483 444 2526 intelligi,
458 2482 506 2515 scd
520 2483 608 2516 aliam
617 2494 647 2514 in
655 2483 788 2527 capitulo
796 2486 938 2526 proximo
948 2483 1141 2526 patefactam,
1156 2483 1242 2529 quod
1260 2484 1292 2517 ὅ(
1308 2482 1398 2516 verba
1407 2482 1558 2526 procellas
1574 2482 1654 2515 illius

178 2527 349 2561 ostendunt.
368 2528 515 2571 Loquens
522 2530 601 2562 enim
612 2527 697 2560 ibide
712 2528 884 2562 necessitate
893 2530 945 2562 tati
955 2528 1063 2568 diuini,
1078 2529 1184 2563 scilicet
1201 2531 1218 2561 a
1235 2529 1328 2562 lando
1344 2528 1427 2568 dieti,
1443 2530 1567 2571 exponit
1581 2528 1654 2562 illud

177 2571 300 2612 Psalmi,
316 2574 414 2608 s-el
422 2574 562 2616 loquutus
571 2569 613 2606 est
627 2575 720 2612 Deus,
735 2573 766 2605 id
782 2575 834 2612 est,
850 2573 1057 2614 immobiliter,
1075 2574 1132 2609 hoc
1144 2577 1197 2614 est,
1211 2574 1501 2607 incommutabiliter
1512 2574 1656 2616 loquutus

177 2618 230 2656 est,
248 2618 320 2651 ficut
330 2621 418 2653 nouit
425 2618 713 2653 incommutabiliter
721 2621 825 2651 omnia
836 2631 896 2665 quq
908 2625 972 2652 tutu
978 2632 1008 2653 ra
1018 2619 1094 2658 sunt,
1104 2622 1133 2655 ἂ
1143 2632 1202 2664 qu?
1211 2622 1340 2654 facturus
1348 2621 1399 2653 est.
1427 2619 1546 2652 Deinde
1555 2630 1656 2663 reprc-

179 2662 284 2697 itendit
291 2666 422 2701 Stoicos,
437 2667 507 2709 quia
518 2665 684 2698 voluntates
694 2666 808 2698 nostras
823 2667 984 2699 necessitati
1002 2665 1168 2700 huius-nodi
1177 2665 1300 2698 subdere
1316 2666 1490 2701 noluerunt,
1505 2676 1543 2698 ne
1557 2663 1655 2697 liberae

178 2719 253 2743 tunc
262 2721 324 2744 non
332 2708 422 2743 effe-nt
432 2724 442 2748 ;
451 2717 482 2744 8(
492 2709 703 2754 distinguendo
715 2710 752 2742 dc
761 2710 943 2748 necessitate,
953 2713 1032 2744 tollit
1042 2723 1147 2745 corum
1157 2715 1322 2751 motiuum,
1334 2710 1494 2744 ostendens
1502 2709 1584 2753 quod
1594 2720 1654 2742 vna

178 2757 346 2794 necessitas,
359 2755 580 2795 sdlicetinuita,
592 2766 658 2799 quae
668 2758 817 2800 contingit
826 2755 913 2790 nobis
924 2757 1107 2797 nolentibus,
1122 2768 1194 2802 puta
1204 2755 1361 2790 necessitas
1369 2755 1530 2790 moriendi,
1547 2766 1654 2798 repug-

178 2811 230 2834 nat
236 2800 347 2839 arbitrii
357 2800 485 2835 libertati
495 2803 545 2841 3&
553 2801 638 2846 quod
646 2801 702 2834 alia
711 2801 853 2835 definitur
860 2803 1024 2842 necessitas,
1039 2802 1203 2836 secundum
1212 2814 1303 2846 quam
1311 2802 1442 2835 dicimus
1452 2797 1563 2833 neeesse
1571 2801 1610 2832 est
1620 2810 1654 2832 vt

178 2846 219 2881 ira
228 2845 261 2879 sit
270 2846 396 2892 aliquid,
409 2848 508 2880 velita
523 2847 586 2886 fiat,
609 2858 676 2892 quae
690 2846 816 2882 libertati
829 2847 942 2887 arbitrii
960 2860 1023 2883 non
1040 2859 1195 2893 repugnat.
1221 2849 1297 2881 Ecce
1311 2858 1404 2892 quam
1421 2856 1558 2923 patentffi
1566 2845 1653 2877 istam

1451 2902 1523 2925 nece
1561 2900 1655 2923 tatem
