1985 3130
144 160 195 212 C
213 181 236 210 A
256 177 394 228 ¹’·47·
781 160 857 210 De
872 165 988 228 caffz
1009 163 1113 213 Dei.
1716 186 1804 236 441

146 260 174 294 A
205 261 308 305 gibiliu
316 271 326 291 ε
336 260 431 305 quam
444 270 505 292 non
514 259 585 298 effe,
594 270 660 301 quae
670 258 810 301 iniquitas
819 267 869 290 aut
878 257 1123 304 crudelimsapud
1135 261 1246 300 Deum,
1257 261 1277 293 fi
1287 263 1337 296 dat
1346 262 1433 295 alicui
1444 275 1582 298 creaturae
1598 276 1627 297 m
1636 266 1695 300 ulta

202 307 294 341 bona,
304 311 334 341 ὅ(
349 316 454 349 magna
465 329 473 343 ,
482 305 553 337 licet
569 304 749 348 puniateam
758 313 827 334 cum
837 303 893 335 alia
901 306 962 336 eius
971 315 1108 337 creatura
1117 306 1214 345 buna,
1223 318 1372 350 putacum
1383 320 1479 354 poena
1488 310 1588 344 sensus
1600 335 1608 348 ‚
1619 312 1693 343 dum

202 364 301 386 tamen
315 363 397 384 totus
404 352 466 384 eius
477 351 566 382 ssatus
575 350 608 382 fit
619 359 714 392 magis
723 347 860 392 eligibilis
869 351 960 393 quam
972 348 1120 394 fugibilis,
1129 354 1193 384 imo
1201 352 1232 386 ὅ(
1240 364 1296 396 pro
1304 354 1358 386 illo
1368 380 1376 393 ‚
1386 365 1527 398 tanquam
1541 368 1595 399 pro
1605 356 1695 390 bene-

203 399 277 432 ficto
285 408 402 431 tenetur
409 397 531 429 reddere
540 407 636 440 grates
645 395 726 427 Deo.
745 396 809 426 Cur
819 404 894 438 ergo
903 407 966 428 uon
978 407 1107 440 arguunt
1116 398 1171 433 isti,
1180 398 1282 431 Deum
1290 411 1328 432 co
1336 398 1421 445 quod
1437 403 1523 444 punit
1534 402 1639 435 bestias
1648 405 1694 436 in-

203 453 362 480 nocentes,
370 444 401 478 ὃ(
409 442 549 485 paruulos
560 442 728 486 baptizatos
737 451 801 472 non
810 443 938 473 minima
946 453 1041 485 poena
1049 443 1163 483 sensu53
1181 447 1231 488 qui
1246 456 1335 478 ettam
1352 447 1475 478 tradidit
1488 449 1695 482 innocentilsi-

204 500 291 522 mum
301 488 409 521 Filium
421 492 513 526 luum,
524 493 553 520 8<
563 487 737 519 Dominum
749 485 884 518 nostrum
898 486 1052 521 Christum
1063 500 1166 532 poenis
1179 491 1330 524 acerrimis
1341 514 1348 527 ,
1363 491 1628 537 crudelissimisque
1636 506 1695 528 tor-

205 537 313 568 mentis
323 540 332 564 ἓ
343 536 374 567 Si
382 545 472 567 enam
482 534 566 565 Deus
577 537 773 576 omnipotens
780 530 946 565 hberrimus
957 534 1115 567 Dominus
1124 537 1218 569 totius
1225 535 1351 569 subdita.-
1359 547 1511 577 creatum,
1520 542 1602 572 cuius
1611 550 1693 574 mera

205 581 348 614 voluntas
359 580 400 612 est
408 581 455 612 lex
463 580 614 612 iustissima
623 579 715 612 totius
725 576 849 610 subditae
857 589 1010 616 crmturae,
1019 578 1091 613 sicut
1098 591 1135 612 ex
1145 579 1158 597 '¹
1171 589 1205 614 12
1213 607 1221 614 .
1232 593 1326 625 patet,
1333 583 1453 626 puniret
1460 585 1640 618 aeternaliter
1647 586 1693 618 in-
1748 581 1762 603 Η
1773 586 1809 608 21
1817 602 1825 610 .

205 624 547 670 nocentem,praesertim
557 625 577 657 fi
588 626 624 658 ad
633 626 849 668 perlectionem
859 625 1002 666 vniuerfi,
1010 626 1168 659 vrilitarem
1178 628 1307 660 aliorum
1318 652 1326 665 ,
1343 634 1373 664 &
1388 628 1542 663 honorem
1556 630 1691 676 suipsius,

206 676 271 717 quis
281 671 591 716 praesumeretlitigare
600 682 668 703 cum
678 681 728 707 ce,
737 669 915 713 redarguere
922 683 1006 712 eum,
1014 671 1045 705 ὅ(
1055 670 1153 705 dicere
1161 697 1170 712 ,
1179 675 1244 706 Cur
1254 672 1291 706 fic
1299 674 1374 707 facis
1383 681 1392 697 >
1404 675 1530 712 Nullus,
1540 678 1631 710 credo
1639 702 1648 714 ,
1655 677 1691 710 fi-

205 728 297 752 eutex
306 724 319 762 Η
333 728 344 750 ι
353 729 379 750 2.
391 718 421 752 δι
430 727 482 762 39.
493 717 591 750 claret.
602 717 653 749 An
663 727 725 749 non
735 714 825 749 habet
833 716 1011 759 potestatem
1022 716 1132 760 figulus
1141 718 1193 751 luti
1201 743 1211 758 ‚
1229 729 1264 750 ex
1280 721 1386 753 eadem
1400 721 1492 754 massa
1506 720 1691 756 facerealiud
1753 722 1767 767 ss
1779 731 1794 754 2
1803 733 1828 756 r.

205 764 327 808 quidem
337 774 389 796 vas
399 764 429 796 in
438 763 692 801 honorem,aliud
703 761 815 794 veroin
825 764 1061 795 contumeliam?
1080 763 1117 797 ad
1127 763 1222 798 Rom.
1238 776 1269 802 9·
1298 768 1416 799 Verum
1430 768 1471 800 est
1486 778 1587 801 tamen
1602 769 1692 814 quod

149 814 175 848 Β
205 813 286 844 Deus
294 809 468 843 :eternaliter
476 809 594 841 nullum
605 810 721 852 puniuir
732 807 792 839 fine
803 807 888 850 eulpa
899 805 943 841 flia
960 810 1165 852 temporaliter
1179 811 1366 854 praecedente
1375 836 1384 849 ,
1400 820 1430 845 δι
1442 815 1616 848 aeternaliter
1625 826 1693 858 per-

205 867 356 892 manente,
365 867 428 888 non
440 866 539 889 tarncn
548 865 671 899 propter
679 854 800 897 culpam
808 864 953 897 tanquam
964 855 1210 899 proptercausam
1224 858 1436 891 antecedenter
1450 869 1625 894 mouentem
1636 872 1675 894 vo
1684 881 1692 887 .

204 903 354 935 luntatern
363 901 602 937 diuinam,Dcus
611 910 787 944 quenquam
797 900 973 932 aeternaliter
980 900 1155 945 reprobauit
1164 927 1173 940 ‚
1184 902 1232 935 sed
1248 914 1372 948 propter
1389 904 1531 947 quasdam
1548 906 1648 938 causas
1660 906 1692 938 fi-

204 949 300 984 nales,
310 946 431 979 ficut20
449 951 480 982 &
489 957 540 987 39.
550 945 669 991 plenius
678 948 718 978 el}
725 944 888 978 ostensum.
908 947 986 978 Non
999 945 1038 979 fic
1046 958 1147 980 autern
1156 946 1205 981 sed
1215 948 1397 993 altterlonge
1408 950 1446 983 de
1455 949 1581 985 homine
1594 952 1691 995 respe-

204 996 254 1028 stu
264 993 398 1026 hominis
407 991 610 1025 sentiendum=
621 991 732 1024 Homo
740 1002 820 1023 emm
830 1002 893 1023 non
903 990 994 1025 habet
1002 1003 1118 1025 merum
1129 995 1290 1037 imperium
1300 996 1387 1040 luper
1395 999 1570 1040 proximum
1582 1023 1590 1036 ,
1601 1010 1655 1031 nec
1663 1010 1693 1031 e-

204 1042 250 1072 ius
260 1038 399 1072 voluntas
407 1040 446 1072 est
455 1039 501 1070 lex
510 1037 639 1076 summa,
648 1037 696 1070 sed
707 1036 844 1069 subditur
852 1036 910 1081 legi
920 1037 1063 1081 superiori
1072 1039 1256 1083 diuinae,qua
1263 1052 1378 1074 tenetur
1386 1042 1510 1086 diligere
1517 1045 1690 1087 proximum

205 1083 422 1128 ficutseipIum.
443 1083 583 1125 Quidam
594 1083 865 1121 tamen‚vtScotus
874 1084 961 1127 (uper
973 1094 1000 1117 ι.
1014 1086 1147 1118 sentent.
1156 1085 1218 1118 dist.
1235 1097 1286 1129 4¹·
1298 1087 1439 1121 volentes
1453 1088 1692 1131 vitarereproba·

205 1133 323 1166 tionem
331 1127 386 1162 effe
396 1129 544 1163 caufixliter
552 1141 589 1162 ex
598 1128 739 1173 operibus
749 1127 912 1171 reprobati,
924 1137 954 1163 sc
962 1131 1051 1163 etiam
1062 1131 1263 1164 crudelitatem
1273 1134 1302 1165 in
1311 1134 1391 1173 Deo,
1400 1134 1505 1168 dicunt
1512 1134 1595 1179 quod
1606 1135 1693 1168 Luci-

205 1178 249 1211 scr
257 1176 316 1210 siue
326 1175 414 1210 ludas
424 1176 524 1219 primo
533 1174 659 1208 offertur
666 1175 816 1208 voluntati
824 1174 933 1209 diuinae
943 1178 973 1209 in
982 1175 1041 1208 suis
1051 1188 1132 1219 puris
1139 1177 1321 1212 naturalibus
1338 1179 1399 1212 fine
1415 1180 1505 1224 culpa
1515 1205 1523 1217 ,
1540 1187 1570 1213 ὅ(
1581 1180 1619 1212 fic
1628 1192 1695 1214 non

205 1223 346 1257 vulteum
356 1221 500 1255 damnare
509 1236 518 1261 ;
527 1220 662 1254 secundo
670 1222 753 1253 Deus
763 1220 835 1257 vult,
844 1225 874 1256 δι
882 1233 919 1255 ex
928 1221 991 1253 hoc
1001 1224 1053 1255 {cit
1070 1223 1096 1255 le
1105 1233 1337 1265 cooperaturum
1348 1235 1416 1258 cum
1428 1236 1479 1265 eo,
1493 1225 1529 1258 ad
1540 1225 1695 1259 substanti-

206 1280 255 1303 am
266 1271 347 1302 aetus
357 1268 439 1305 mali,
447 1272 478 1299 δε
488 1266 526 1300 fic
534 1268 630 1312 ipsum
638 1277 829 1311 peccaturum
840 1268 1006 1301 mortaliter
1015 1268 1298 1308 committendo‚vel
1307 1281 1612 1315 noncooperaturum
1623 1284 1693 1305 cum

207 1326 245 1349 eo
255 1315 291 1347 ad
308 1313 500 1347 substantiam
514 1315 596 1348 astus
613 1311 707 1352 boni,
724 1313 755 1348 ἃ
770 1311 910 1356 ficipsum
926 1324 1119 1359 peccaturum
1131 1316 1299 1348 mortaliter
1310 1319 1536 1353 omittendo,&
1546 1328 1692 1361 quatenus

150 1361 180 1394 C
207 1360 425 1406 praeuideteum
435 1360 524 1393 talem
535 1383 545 1398 ,
553 1359 619 1392 vult
627 1360 654 1391 ei
661 1358 890 1392 damnationem
901 1360 930 1394 ἃ
940 1370 1080 1403 poenam.
1104 1359 1196 1393 Ratio
1210 1372 1310 1394 tamen
1326 1363 1407 1395 Scoti
1424 1374 1615 1406 nequaquam
1630 1365 1694 1395 eui-

206 1407 312 1443 denter
318 1405 380 1439 hoc
389 1404 584 1450 probat,sicut
591 1403 789 1450 praecedentia
798 1403 998 1440 manifestant:
1008 1407 1057 1439 Est
1065 1406 1146 1438 enim
1155 1405 1256 1440 similis
1263 1418 1443 1451 argumento
1453 1408 1652 1452 deiniquitate
1661 1417 1693 1443 δε

277 1451 452 1486 crudelitate
461 1448 622 1495 praernisso.
648 1452 857 1484 Veruntamen
868 1451 888 1483 fi
896 1452 948 1483 ista
958 1451 1068 1496 politio
1077 1452 1131 1485 stet
1138 1462 1208 1484 curn
1217 1453 1377 1497 praemissis
1385 1454 1436 1487 hic
1447 1454 1477 1488 ἁ
1484 1465 1538 1498 45.
1551 1453 1609 1487 hu·

391 1502 441 1530 ius
450 1521 460 1535 ,
473 1504 504 1532 ec
514 1498 620 1530 Deum
632 1496 670 1529 ab
681 1497 768 1529 omni
777 1498 933 1541 iniquitate
943 1498 973 1532 ὅ(
987 1498 1161 1532 crudelitate
1168 1498 1436 1543 planeexcusen&
1444 1500 1508 1544 pla-

555 1553 604 1576 cer
612 1544 756 1588 Satrapis,
762 1542 860 1586 placet
869 1541 956 1575 mihi.
964 1544 1093 1589 Spiritus
1101 1545 1234 1579 ven'tatis
1241 1556 1299 1579 nos
1308 1545 1361 1579 do-

711 1598 774 1622 coer
786 1592 950 1622 veritatem.
979 1595 1096 1624 edem
1103 1594 1181 1625 ΕΝ.

694 1723 878 1795 Explicit
889 1724 1017 1775 Liber
1018 1729 1186 1796 primus.

1409 2369 1648 2421 CAP.
