1985 3130
152 155 203 205 C
215 177 241 206 A
253 176 295 206 Ρ.
316 175 384 219 30.
786 157 861 207 De
882 158 1003 224 Caafia
1026 162 1131 212 Dei.
1701 187 1776 234 751

148 259 180 292 A
209 251 502 287 necesleestnsrchoc
510 252 567 284 esse
574 249 750 289 volubile&
762 249 821 283 hoc
827 252 896 295 quia
903 253 1016 286 uerene
1022 254 1062 286 est
1069 254 1203 295 nocesse,
1210 257 1241 292 ὃ(
1249 256 1311 290 hoc
1320 270 1388 302 quui
1395 258 1456 293 hoc
1463 262 1515 296 est.
1523 263 1596 295 Hoc
1602 270 1684 302 enim

210 297 278 336 effe,
284 300 323 332 est
331 298 475 341 originale
483 302 514 332 &
522 298 666 340 primaria
675 295 864 335 antecedens,
873 309 909 331 ex
916 300 1003 341 quod
1011 302 1140 342 priori&
1149 300 1301 336 oeussliter
1307 303 1371 337 hac
1379 308 1482 340 omnia
1492 308 1685 353 efisequfisur,

207 345 314 377 ficutin
324 344 568 387 simili,proxirno
575 343 614 375 est
624 342 754 375 deduafi
761 352 862 385 ,quare
869 343 925 377 ἃς.
935 343 1006 376 sinit
1013 344 1063 378 ibi.
1071 346 1116 378 Ite
1126 356 1158 379 vt
1166 347 1481 393 clariusarguatur,ista
1490 355 1624 397 resposio
1633 358 1684 393 ha.

206 389 257 423 bet
267 387 426 423 necessario
434 389 531 423 dicere
539 386 836 432 consequ&rer‚quod
845 387 915 420 ideo
925 391 1009 422 Deus
1018 402 1036 421 n
1043 391 1180 425 ecess‘ario
1193 393 1255 426 vult
1265 393 1325 427 hoc
1332 395 1470 440 elfegum
1478 399 1635 436 neeeffirio
1643 405 1684 437 est

205 434 419 470 volubileistud
429 433 527 471 essm&
535 432 622 467 causa
629 433 867 476 originalisistius
877 434 917 466 est
924 433 986 468 hoc
994 438 1053 469 nfic
1059 437 1221 480 esse,quare
1228 439 1288 471 hoc
1297 451 1379 473 nunc
1387 440 1442 475 esse
1451 447 1605 479 necessita
1614 449 1682 481 Desa

204 481 293 518 velle,
300 482 370 525 quia
377 480 519 524 quicquid
526 481 566 513 est
574 481 661 511 causa
669 478 760 511 causae
768 480 810 511 est
819 477 1016 513 causacausati
1032 493 1041 514 ·,
1056 483 1086 516 ὅ(
1096 482 1134 514 sic
1142 484 1298 527 responsio
1306 488 1401 529 prima
1411 488 1495 523 redit.
1527 490 1603 524 {tem
1611 504 1682 526 tunc

204 526 344 571 quaelibet
358 537 402 559 res
417 527 543 559 existens
556 526 709 557 necessitat
720 526 819 558 Deum
830 524 917 561 velle,
933 526 964 560 ὅ(
973 527 1113 570 quaelibet
1120 540 1162 560 res
1171 532 1279 568 astina,
1295 542 1360 575 quae
1368 533 1455 565 aliam
1466 537 1562 579 potest
1570 538 1646 580 prod
1652 551 1682 572 u-

202 584 279 608 cere,
295 573 388 615 potest
406 569 591 609 necessitate,
602 570 633 604 ἃ
643 569 880 612 impossibilitate
888 571 1075 605 voluntatem
1084 573 1230 616 diuinam,
1245 574 1316 609 ficut
1326 578 1430 620 respon
1437 579 1477 612 fio
1487 583 1586 624 prima
1593 584 1678 617 dixit.

203 618 281 650 Item
289 628 363 661 pura
371 623 402 650 se
411 616 474 649 sola
480 618 608 660 priuatio
616 625 773 659 nunquam
790 616 830 646 es}
848 617 931 649 causa
939 618 1059 649 alicuius
1070 618 1200 660 pofitiui‚
1214 632 1308 666 quate
1318 622 1425 656 nullius
1434 627 1516 658 astus
1526 630 1678 666 necessarii

200 665 231 696 in
243 663 396 696 voluntate
404 662 516 695 dmina.
539 664 616 696 Item
627 661 688 693 hoc
696 671 776 694 nunc
785 672 849 692 non
863 660 917 695 effe
926 663 966 695 est
977 663 1110 696 volubile
1119 663 1156 696 ab
1167 665 1303 704 homine,
1318 668 1348 701 ὅ(
1357 670 1519 713 aliquando
1528 671 1583 705 fuir
1591 675 1679 707 volu-

202 707 261 743 bile
272 709 378 745 ὲΒεο,
389 709 460 752 quia
468 719 531 741 non
539 709 579 740 est
589 705 641 739 sim
646 707 761 751 pliciter
770 713 799 739 sc
811 718 863 750 per
871 706 897 738 se
907 718 970 739 non
982 709 1124 746 volubile,
1139 709 1186 743 seu
1197 710 1364 747 inuolubile
1372 714 1408 747 ab
1419 726 1467 754 eo,
1485 723 1515 751 δι
1525 730 1604 752 nune
1614 732 1678 753 non

200 753 381 788 estvolubile
399 756 417 788 ὲ
431 756 516 793 Deo,
532 752 580 786 sed
590 763 652 786 non
661 751 795 785 volubile
803 752 849 783 seu
860 753 1026 786 iuuolubile
1043 765 1052 788 ;
1068 757 1248 800 ergoaliqua
1257 760 1296 790 est
1308 758 1479 794 caufiiisti'us
1494 768 1680 804 mutationis,

144 796 169 829 B
201 799 231 834 ἃ
241 799 326 834 huius
336 801 504 843 negationis
512 805 542 832 &
554 800 728 841 priuationis
735 799 776 830 est
785 798 885 842 aliqua
892 797 1053 832 affirmatio
1062 801 1092 835 ὃ(
1102 805 1239 843 potentia
1247 805 1366 847 prior&
1375 806 1471 842 causa,
1489 818 1519 841 v(
1532 820 1578 854 ,3-
1588 814 1678 854 primi

201 845 303 884 docet,
320 853 350 879 ει
361 846 409 878 illa
418 857 480 878 non
490 845 585 888 potest
595 846 681 887 poni,
698 843 750 876 nisi
762 844 811 875 ista
821 854 866 875 res
873 843 1006 878 absoluta
1016 856 1096 878 nunc
1105 848 1242 885 existens,
1259 850 1426 893 velaliquid
1440 851 1635 896 respeffluum
1646 860 1677 889 in

199 902 244 927 ea,
258 898 288 925 sc
300 889 338 923 sic
345 890 420 924 redit
431 892 526 936 prima
534 888 688 932 responsio
699 889 746 921 vel
757 889 896 922 secunda.
921 892 1118 934 Assignantes
1128 893 1202 926 vero
1211 897 1327 927 causam
1339 895 1517 933 necessitatis
1525 903 1677 943 praemiffae

199 947 326 980 exparte
334 936 533 975 mirantum,
549 935 578 969 ὅ(
594 933 784 967 intrinsecam
802 934 855 978 ipfi
866 936 936 967 Deo
951 937 1188 981 quadrupliciter
1196 941 1357 974 variantur.
1384 942 1466 977 Nam
1477 948 1561 987 primi
1571 947 1676 981 dicunt

197 981 260 1015 hoc
269 982 326 1015 esse
335 994 371 1016 ex
380 993 481 1015 natura
489 981 607 1015 diuina:
619 981 701 1013 Deus
711 991 804 1016 enim,
814 992 844 1013 vt
855 981 968 1019 dicunt,
984 983 1024 1014 est
1033 983 1099 1016 talis
1107 994 1229 1021 narurae,
1242 985 1325 1028 quod
1334 989 1468 1031 praesenti
1479 993 1562 1023 revel
1573 1004 1675 1037 praetc-

197 1030 251 1062 rita
260 1027 423 1062 necessario
432 1028 494 1060 vult
502 1025 596 1071 ipsam
606 1027 661 1060 effe
670 1025 716 1058 vel
726 1026 820 1059 suiffe.
849 1026 907 1059 Sed
925 1027 943 1058 si
963 1026 1022 1059 hoc
1040 1027 1071 1060 sir
1087 1030 1160 1070 pure
1170 1032 1339 1065 naturaliter
1347 1035 1544 1070 &intrinsece
1557 1040 1672 1072 tantum

196 1075 282 1112 Deo,
291 1073 360 1106 etim
370 1084 462 1117 agens
471 1071 544 1117 pure
554 1072 723 1104 naturaliter
731 1070 907 1115 dispositum
919 1071 1031 1116 semper
1041 1071 1267 1118 sirminenpasso
1276 1088 1396 1121 quoque
1404 1078 1550 1122 disposito
1558 1084 1675 1129 semper

195 1119 342 1158 similiter,
362 1120 474 1162 semper
483 1117 624 1150 fiifimilis
635 1119 722 1153 ac'kio,
741 1118 810 1148 cum
820 1117 898 1151 nulla
912 1119 994 1150 causa
1010 1118 1259 1154 dissimilitudinis
1274 1125 1452 1165 possndari,
1467 1127 1673 1163 [ῑςῃςὸζάοςςς

195 1164 400 1209 Philosophus
410 1176 439 1202 9.
451 1160 619 1207 Metaphys
636 1173 685 1194 ιο.
701 1162 748 1194 sed
758 1165 862 1195 omnia
871 1164 942 1206 pure
953 1164 1092 1197 naturalia
1102 1166 1172 1198 Deo
1182 1167 1339 1200 intrinstca
1349 1168 1464 1211 semper
1475 1171 1605 1206 fimjhtcr
1614 1177 1674 1207 (Μ.

194 1221 360 1254 ponuntur,
376 1210 444 1242 esim
454 1220 505 1251 pet
515 1219 653 1253 quintum
665 1211 751 1251 primi
771 1207 803 1241 sit
819 1207 1014 1240 immutabilis
1025 1211 1053 1240 in
1063 1221 1177 1247 natura.
1193 1213 1306 1255 semper
1322 1217 1511 1250 necessitatur
1519 1221 1673 1262 aequalirer

193 1256 231 1289 ad
241 1256 414 1289 volendum.
438 1254 513 1288 Haec
522 1264 622 1286 autem
631 1255 708 1286 ratio
723 1253 930 1291 confirmatur,
943 1253 1028 1297 quod
1044 1256 1208 1289 secundum
1229 1258 1454 1301 Philosophum
1467 1272 1495 1297 2,
1506 1264 1543 1297 de
1552 1277 1673 1308 genera-

193 1304 277 1335 tione
286 1301 317 1335 δι
326 1311 518 1344 corruptione
526 1311 593 1343 cap.
604 1299 717 1341 penult.
731 1299 814 1333 Idem
830 1300 860 1334 ὅ(
872 1298 1004 1332 fimiliter
1011 1299 1136 1338 liabens,
1151 1303 1264 1345 semper
1272 1304 1353 1337 idem
1363 1316 1498 1340 innatum
1510 1310 1549 1342 est
1567 1313 1665 1346 facere

135 1353 166 1386 C
192 1353 222 1384 ὅ(
234 1357 261 1390 5.
271 1343 711 1390 Metaphys2.ostendit,quod
722 1345 800 1377 idem
809 1345 847 1376 e³'t
857 1347 942 1376 causa
951 1348 1185 1386 contrariorum,
1193 1349 1241 1380 sed
1249 1361 1302 1393 per
1312 1349 1514 1393 dispositiones
1524 1345 1668 1392 diuers3s{

192 1404 296 1427 natura
307 1392 380 1427 vero
390 1393 491 1425 diuina
500 1388 666 1434 disponitur
673 1392 788 1433 semper
795 1389 935 1424 similiter.
964 1392 1034 1423 Nec
1043 1395 1140 1434 potest
1154 1395 1220 1435 quis
1230 1394 1327 1428 dicere
1339 1397 1426 1439 que-d
1437 1410 1538 1432 natura
1548 1403 1605 1434 Dei
1616 1404 1670 1435 ali.

191 1450 237 1472 ter
245 1437 402 1471 intrinsece
411 1437 580 1481 disponitur
589 1433 728 1479 praesente
738 1446 768 1467 re
777 1436 824 1469 vel
836 1439 992 1479 praercrsta,
1007 1439 1099 1480 quim
1110 1441 1171 1481 ipsa
1179 1439 1289 1477 futura,
1308 1445 1374 1484 quia
1383 1453 1455 1475 tunc
1464 1445 1532 1478 eilet
1539 1448 1670 1480 mutabi-

190 1485 237 1522 lis,
257 1491 288 1518 &
303 1495 371 1529 quia
380 1494 450 1516 runc
458 1482 518 1515 hoc
526 1481 595 1514 essct
604 1480 801 1524 expraescntia
809 1481 855 1514 vel
864 1483 1065 1525 preteritione
1074 1487 1113 1516 rei
1135 1495 1144 1518 ς
1160 1495 1234 1528 ergo
1251 1484 1311 1529 ipsit
1321 1485 1387 1521 esset
1397 1491 1480 1522 causa
1490 1492 1669 1527 necesfflatjs

189 1533 220 1563 in
230 1531 386 1563 voluntate
396 1528 507 1564 diuina.
523 1526 610 1571 quod
618 1530 702 1570 prius
709 1528 749 1560 est
758 1526 938 1561 destrustum
975 1528 1103 1562 Secundi
1112 1529 1186 1563 vero
1195 1531 1385 1574 ponunthoc
1392 1533 1449 1566 effe
1458 1546 1494 1568 ex
1504 1547 1586 1578 parte
1596 1542 1669 1572 veri-

189 1577 258 1609 tatis
268 1575 391 1612 diuinae,
409 1586 476 1619 quae
485 1572 556 1605 sicut
564 1583 610 1605 res
619 1572 743 1616 praestns
752 1574 782 1606 ὅ(
790 1575 947 1616 praeterita,
956 1575 996 1606 ita
1003 1575 1164 1609 necessario
1173 1574 1200 1607 se
1208 1575 1353 1614 habetata
1362 1578 1523 1615 necessari&
1534 1586 1624 1627 exigit
1636 1596 1669 1619 vt

188 1623 273 1655 Deus
283 1620 481 1654 conformiter
489 1620 603 1662 semper
613 1619 694 1651 velit.
710 1618 785 1651 Haec
793 1628 895 1651 autem
903 1618 1058 1662 responsio
1067 1622 1164 1664 potest
1174 1623 1312 1666 redargui
1320 1623 1391 1658 sicut
1399 1627 1493 1668 prior,
1511 1638 1578 1672 quia
1591 1633 1669 1663 veri·

188 1679 234 1702 tas
241 1667 343 1700 diuma
352 1665 520 1700 naturaliter
530 1664 602 1708 pure
613 1665 727 1708 sumpta
736 1662 852 1707 semper
866 1665 1025 1698 intrinsece
1034 1665 1166 1700 similiter
1172 1670 1302 1702 omnino
1313 1671 1328 1701 s
1325 1680 1340 1701 c
1349 1669 1450 1703 habet.
1477 1673 1553 1706 Item
1564 1677 1668 1708 secun-

189 1713 262 1746 dum
272 1713 352 1746 istam
363 1710 587 1755 responsionem
596 1709 679 1742 causa
688 1711 766 1742 istius
774 1711 813 1743 est
822 1712 929 1742 veritas
939 1711 1095 1744 necessaria
1104 1724 1141 1745 ex
1151 1724 1235 1756 parte
1242 1715 1283 1746 rei
1292 1717 1442 1758 praesentis
1452 1719 1498 1751 vel
1508 1724 1666 1764 praeterite,

188 1766 220 1793 δι
228 1757 312 1791 causa
320 1757 470 1801 originalis
480 1758 557 1789 istius
564 1757 604 1787 est
611 1757 763 1789 existentia
772 1755 836 1788 talis
845 1757 884 1788 rei
900 1770 911 1795 ς
925 1768 999 1800 ergo
1015 1757 1045 1791 ὃ(
1060 1758 1120 1801 ipsa
1133 1758 1174 1792 est
1187 1761 1340 1803 originalis
1351 1763 1433 1794 causa
1443 1763 1622 1798 necessitatis
1632 1769 1663 1799 in

187 1805 339 1839 voluntate
349 1804 464 1841 diuina,
475 1800 560 1847 quod
568 1801 765 1845 eratsuperius
772 1800 974 1844 reprobatum.
999 1802 1072 1835 Item
1083 1807 1190 1837 veritas
1199 1805 1420 1839 Deiimn'nseca
1429 1808 1558 1848 respestu
1570 1811 1664 1845 futuri

187 1861 270 1884 tanta
279 1850 329 1887 est,
337 1847 528 1884 &intrinsece
538 1845 668 1879 similiter
676 1847 807 1879 omnino
816 1850 843 1879 se
851 1847 965 1880 habens
976 1847 1182 1890 sicutrespecstu
1194 1854 1331 1893 praeteriti
1340 1853 1386 1886 vel
1396 1853 1543 1897 praescntis
1554 1872 1563 1896 3
1573 1869 1664 1900 quase

131 1908 163 1939 D
189 1906 251 1929 tam
263 1892 417 1927 necessaria
425 1894 456 1929 ἃ
466 1903 527 1926 tam
535 1892 631 1925 firma.
657 1893 733 1925 Non
744 1894 823 1924 enim
834 1891 929 1936 posset
943 1893 1186 1928 intrinsecealirer
1194 1896 1221 1928 se
1228 1895 1339 1929 habere
1347 1898 1399 1931 nisi
1410 1911 1530 1943 propter
1537 1903 1663 1936 existen—

187 1943 258 1975 tiam
268 1940 315 1973 vel
323 1941 551 1984 praeteritionem
561 1940 601 1970 rei
611 1937 791 1974 extrinsecae,
807 1939 892 1982 quod
909 1949 971 1971 non
980 1940 1088 1983 potest,
1108 1941 1176 1972 cum
1192 1942 1276 1974 nullo
1290 1943 1386 1976 modo
1394 1943 1432 1977 ab
1440 1946 1488 1978 illa
1496 1946 1662 1989 dependeat

187 1998 242 2020 nec
250 1986 396 2024 causetur,
411 1986 480 2017 eum
491 1984 554 2016 haec
564 1982 595 2016 sit
603 1982 725 2016 inferior
735 1985 906 2018 veritas.illa
917 1986 1047 2028 superior
1056 1997 1064 2019 ;
1072 1985 1135 2019 haec
1143 1987 1270 2025 causata,
1281 1986 1329 2021 illa
1339 1991 1487 2024 incausata
1506 2003 1514 2025 ς
1532 1992 1597 2025 haec
1605 2005 1661 2035 po-

185 2033 304 2070 sterior,
318 2031 365 2064 illa
375 2033 465 2075 prior,
481 2028 756 2062 ficutvndecimum
772 2030 802 2063 &r
816 2030 1032 2062 duodecimum
1049 2034 1138 2075 primi
1151 2032 1276 2065 docent.
1303 2034 1399 2071 Tertii
1410 2046 1508 2069 autem
1523 2038 1659 2077 credunt,

186 2077 272 2122 qubd
282 2076 341 2109 hoc
352 2075 384 2108 sit
394 2087 431 2110 ex
441 2087 522 2120 parte
532 2076 693 2108 voluntatis
708 2074 828 2114 diuinae,
842 2076 959 2110 scilicet.
976 2078 1044 2118 quia
1061 2078 1125 2110 vult
1140 2075 1168 2110 sc
1175 2078 1339 2112 necessitari
1354 2080 1391 2113 ad
1409 2082 1575 2116 volendum
1587 2096 1661 2128 prae-

184 2123 249 2156 sens
258 2123 324 2159 effe,
341 2124 584 2165 ptaeteritumque
598 2119 690 2154 fuisse-
715 2120 773 2153 Sed
785 2120 803 2151 si
814 2121 937 2164 quando
946 2129 992 2153 res
1000 2123 1118 2157 venit&
1128 2126 1267 2166 praeteriit
1278 2126 1345 2157 velit
1361 2126 1388 2157 se
1403 2129 1567 2161 necessitari
1576 2130 1612 2161 ad
1622 2130 1660 2164 sic

186 2167 365 2204 volendum,
375 2167 421 2199 vel
431 2166 490 2199 hoc
498 2168 559 2199 vult
568 2165 736 2202 necessario,
745 2166 792 2197 vel
802 2165 894 2198 libere
904 2166 1065 2199 secundum
1074 2169 1360 2204 contradifflonem.
1382 2172 1411 2203 Si
1422 2173 1595 2211 necessario,
1606 2187 1659 2207 vn-

185 2215 224 2248 de
233 2213 286 2247 fibi
294 2213 341 2246 illa
351 2212 504 2246 necessitas
522 2218 532 2243 ἒ
551 2212 589 2246 Et
597 2211 797 2254 reditpristina
806 2212 973 2248 difficultas,
992 2214 1062 2256 quia
1078 2212 1227 2257 processus
1242 2215 1372 2249 infinitus
1388 2218 1416 2248 in
1434 2217 1540 2250 talibus
1551 2221 1661 2253 volun-

184 2259 293 2294 tatibus
305 2271 366 2291 non
376 2259 416 2291 est
425 2257 552 2291 dandus.
576 2257 703 2290 Silibere
720 2256 883 2289 secundum
898 2258 1184 2295 contradifflonem,
1199 2263 1292 2303 potest
1300 2273 1363 2294 non
1371 2261 1410 2294 sic
1419 2264 1493 2297 velle
1509 2275 1518 2298 5
1536 2267 1620 2308 quod
1637 2265 1658 2298 si

209 2316 328 2341 onatur,
338 2316 401 2337 non
409 2301 609 2338 necessitatur.
618 2301 688 2334 ficut
698 2301 874 2347 hypothesis
885 2305 932 2337 isla
941 2303 1110 2338 dieir.1tem
1124 2304 1344 2339 sitA.voluntas
1353 2319 1410 2351 qua
1418 2310 1499 2341 Deus
1507 2311 1569 2342 vult
1577 2323 1658 2344 nunc

185 2351 245 2384 hoc
253 2351 309 2383 esse
318 2350 409 2383 libere
420 2349 579 2382 seeundum
588 2349 870 2385 contradictionem,
884 2350 914 2383 ἃ
931 2350 1117 2383 Β.νοΙιιηι;ις
1129 2362 1187 2393 qua
1202 2353 1266 2385 vult
1279 2352 1308 2383 se
1326 2355 1491 2386 necessit-iri
1509 2356 1546 2387 ad
1561 2357 1599 2387 A.
1611 2357 1658 2389 vel

185 2407 259 2441 ergo
268 2398 298 2429 B.
308 2397 349 2429 est
357 2395 494 2429 voluntas
502 2405 581 2427 nunc
590 2404 671 2426 noua
678 2394 724 2427 vel
734 2396 868 2437 antiqua,
876 2401 904 2427 8(
913 2406 1039 2430 aeternaz
1051 2408 1113 2428 non
1125 2397 1252 2430 estnunc
1262 2408 1356 2435 noua,
1374 2408 1405 2430 vt
1416 2409 1467 2439 23.
1476 2403 1560 2442 primi
1571 2413 1658 2435 mon-

134 2458 157 2491 Ε
186 2443 295 2477 strat&
305 2443 343 2474 est
352 2441 521 2476 aeterna,vel
529 2451 601 2484 ergo
609 2439 656 2472 illa
663 2450 772 2472 aeterna
780 2441 952 2474 aeternaliter
960 2452 1030 2473 ante
1039 2443 1091 2475 suit
1099 2442 1191 2475 libera
1201 2442 1360 2475 secundum
1369 2445 1656 2488 contradifflonem,

185 2484 397 2521 velnecess'axia
414 2500 424 2524 ;
442 2484 877 2530 filiberti,vndeergonuncest
885 2485 1041 2519 necess'aria
1059 2494 1067 2518 Ξ
1082 2488 1116 2520 Et
1126 2490 1279 2522 reuertitur
1288 2488 1452 2522 difficultas.
1469 2489 1655 2525 Sifuitaeter—

185 2534 292 2567 naliter
301 2529 466 2569 noeeffiria,
480 2531 511 2564 ὅ(
526 2542 562 2564 ex
577 2531 625 2563 illa
641 2529 924 2574 sempernecessario
938 2531 1115 2577 sequebatur
1130 2534 1167 2565 Α.
1177 2545 1256 2567 nunc
1266 2536 1341 2571 sore,
1356 2534 1385 2568 ἂ
1400 2545 1437 2567 ex
1453 2538 1490 2568 A.
1504 2536 1562 2569 hoc
1571 2538 1654 2577 fore;

186 2589 277 2623 quare
287 2577 359 2611 sicut
369 2577 604 2620 priuseratosten
610 2577 685 2613 sum,
701 2578 876 2610 aeternaliter
884 2576 939 2610 fuit
948 2579 1140 2611 necessarium
1151 2580 1190 2612 A.
1202 2591 1281 2613 nunc
1288 2580 1367 2619 fore,
1377 2581 1407 2614 ἂ
1417 2580 1492 2614 hanc
1499 2593 1560 2614 rem
1571 2594 1653 2616 nunc

185 2624 263 2664 fore,
273 2629 302 2657 sc
313 2624 354 2655 ita
360 2622 397 2656 de
405 2633 588 2666 quocunque
596 2621 795 2659 futuro,cuius
802 2622 974 2667 oppositum
985 2623 1160 2667 hypothesis
1172 2626 1367 2669 supponebat.
1378 2626 1453 2658 Item
1462 2626 1560 2669 posito
1569 2630 1654 2671 quod

184 2669 294 2703 hanun
302 2668 430 2703 duarum
440 2668 634 2701 volutionum
645 2669 717 2705 Dei,
734 2679 859 2712 quarum
870 2680 929 2702 vn²
938 2670 1001 2703 vult
1016 2681 1076 2702 rem
1086 2671 1142 2702 esse
1153 2671 1198 2702 vel
1208 2672 1299 2706 sursle.
1318 2671 1347 2704 ὅ(
1356 2672 1443 2704 altera
1454 2675 1481 2705 se
1490 2673 1653 2707 necessitati

184 2716 224 2750 ad
232 2715 269 2748 fic
275 2712 451 2750 volendum,
467 2713 488 2745 si
503 2711 747 2746 baberettantiim
757 2716 898 2758 prii-nam,
912 2713 1012 2747 adhuc
1021 2715 1176 2749 necessario
1187 2716 1275 2748 vellet
1284 2727 1347 2749 rem
1357 2715 1412 2749 effe
1421 2718 1467 2749 vel
1478 2717 1568 2755 fuiffie,
1582 2719 1655 2753 sicut

185 2771 230 2793 tes
238 2758 398 2794 necessario
408 2756 533 2792 esserunt
542 2758 647 2792 fuisset.
666 2758 765 2792 Posito
782 2771 925 2805 namque,
940 2762 1026 2804 quod
1043 2761 1364 2794 haberetvolutionem
1375 2762 1562 2800 hancsol³m‚
1579 2766 1653 2797 volo

184 2805 246 2838 hoe
255 2802 466 2840 effeautfuiffe,
482 2802 688 2838 necessarioita
696 2804 794 2838 vellet.
821 2805 893 2838 Item
903 2806 962 2838 sola
973 2807 1031 2839 Dei
1042 2808 1194 2845 voluntas,
1212 2819 1270 2851 qua
1287 2808 1348 2841 vult
1364 2819 1426 2840 rem
1442 2807 1508 2841 fore
1523 2811 1552 2841 in
1563 2810 1655 2842 A.in-

185 2852 271 2885 stanti
278 2850 393 2888 futuro,
404 2849 550 2883 sufficitad
558 2849 786 2895 producendum
794 2850 875 2884 illam
884 2853 915 2884 in
925 2851 981 2885 esse
989 2856 1019 2885 in
1030 2853 1070 2886 Α.
1080 2851 1151 2886 sicut
1161 2852 1310 2887 decimum
1319 2856 1450 2898 primi&
1460 2854 1654 2906 corollarium

1591 2911 1654 2934 elus
