1985 3130
275 136 351 197 332

189 1491 204 1505 ⁸
217 1491 279 1523 eius

184 2672 284 2702 filardi,
298 2686 319 2709 9.

184 2717 274 2740 silas.
289 2725 329 2741 10.

183 2756 273 2781 [ΛΜ.

185 2822 291 2859 Sapiens.
304 2828 326 2854 3.

835 123 1003 172 Thomae
1023 120 1311 171 Pradwaraini
1683 123 1749 172 Li
1766 142 1807 172 B.
1824 141 1854 172 i.

365 226 447 257 enim
464 223 503 255 est
519 222 645 254 dubium
657 245 666 258 ‚
688 221 758 264 quin
780 219 809 252 K
834 218 926 262 possit
944 227 995 260 per
1017 215 1111 248 solam
1131 213 1332 248 intensionem
1355 214 1417 248 fieri
1437 216 1534 248 maior
1548 227 1641 259 poena
1666 215 1846 260 simpliciter,
1858 219 1888 249 A

366 272 460 314 quiim
472 267 504 300 sit
514 268 547 299 M
560 268 590 301 ὁ(
604 268 638 300 Μ
650 277 701 310 per
712 265 803 297 solam
813 263 1018 296 remissionem
1036 264 1137 294 minor
1146 263 1239 304 quam
1249 259 1282 293 sit
1291 261 1333 293 K.
1366 261 1478 305 Aliqua
1495 272 1628 306 namque
1643 261 1769 296 intenlio
1779 265 1845 296 vni-

368 316 475 348 lormis
485 325 536 347 oer
546 324 644 346 totum
656 312 685 344 K
695 312 760 355 plus
769 321 856 353 auget
865 309 895 341 K
907 310 999 351 quiim
1009 318 1068 339 vna
1077 305 1206 340 extensio
1215 308 1343 339 omnino
1352 305 1434 340 finita
1443 318 1492 351 per
1500 318 1592 339 vnum
1603 319 1720 352 tempus
1730 306 1830 341 virobi
1838 325 1846 330 —

369 372 427 405 que
439 349 569 398 linitum,
581 357 650 390 sicui
662 369 697 391 ex
706 353 940 400 praecedentibus
950 353 1027 385 clare
1038 364 1118 396 patet
1128 362 1136 385 ῑ
1151 351 1199 383 sed
1213 352 1311 394 aliqua
1320 351 1456 384 extensio
1468 352 1498 385 K
1509 352 1591 386 finita
1600 364 1672 398 puta
1681 352 1718 385 ab
1728 353 1753 386 L
1762 354 1799 385 ad
1810 354 1845 386 N

369 406 415 440 vel
426 406 499 438 vltra
510 415 617 449 ‚auget
627 404 656 436 K
668 403 741 436 vltra
754 401 875 440 M,ficut
885 394 1042 432 certissime
1054 398 1168 431 conflat
1179 398 1309 433 cunctis·¹
1325 405 1454 442 quare&
1463 399 1563 442 aliqua
1573 398 1700 432 interisio
1715 399 1847 432 similiter

367 450 463 495 ipsum
473 460 562 494 auget
580 461 587 479 :
607 450 636 482 Si
646 460 717 492 ergo
727 448 757 481 K
768 445 890 480 nuncsit
898 447 997 478 minor
1007 455 1102 489 poenzi
1112 446 1203 488 quam
1215 444 1252 475 M
1265 450 1313 478 5&
1322 444 1417 487 potest
1426 454 1478 487 per
1487 443 1579 477 solam
1590 443 1784 478 intensionem
1796 445 1848 478 fie-

368 508 390 529 ri
403 497 498 530 maior
506 507 597 539 poeiia
608 519 616 530 ,
627 494 721 538 potest
732 493 862 526 similiter
871 490 934 524 fieri
943 491 974 525 ὃ(
982 490 1104 535 aequalis
1112 514 1121 528 ‚
1137 493 1167 520 δέ
1178 489 1259 520 idem
1272 490 1420 533 contingit
1430 489 1466 522 de
1474 490 1508 520 M
1517 501 1569 533 per
1577 490 1779 524 remissionem
1788 514 1797 527 ,
1813 490 1845 525 ὃ(

368 541 544 575 recisionem
554 541 592 573 ad
602 540 626 572 L
638 540 778 573 velvltra.
807 538 884 570 Item
901 536 984 569 aliter
1002 534 1040 568 sic
1048 535 1085 567 ad
1095 534 1192 571 idem.
1216 535 1244 566 Si
1253 534 1283 567 K
1295 533 1439 567 firminor
1455 546 1547 578 poena
1556 536 1650 580 quffim
1659 535 1705 572 M,
1718 535 1847 569 seruetur

369 587 498 620 intensio
507 593 537 620 ὅ(
546 585 737 619 vniformitas
745 588 809 617 eius
818 586 963 628 prima,&
974 580 1150 614 extendatur
1159 578 1260 612 versus
1270 581 1303 612 N
1314 582 1455 613 continue
1470 579 1568 613 donec
1583 580 1617 613 fit
1626 582 1743 625 aequalis
1755 593 1846 625 poena

372 632 539 677 simpliciter
556 630 699 664 omnibus
715 630 876 674 adaequatis
885 639 955 660 cuni
966 628 1001 659 M
1012 650 1020 664 ‚
1038 627 1100 659 hoc
1108 627 1187 658 enim
1198 627 1305 669 potest.
1334 626 1433 658 Petest
1443 637 1573 669 namque
1583 625 1622 659 sic
1630 625 1784 671 persolam
1794 638 1846 661 ex-

371 678 538 712 tensionem
548 675 645 709 versus
665 678 700 709 N
717 676 779 710 fieri
789 677 887 708 maior
895 684 990 717 poena
1013 683 1021 702 τ
1049 673 1167 706 Sienim
1177 670 1213 703 sic
1221 670 1394 705 extendatur
1402 671 1440 705 tid
1457 672 1491 704 N
1506 683 1570 715 quis
1579 683 1641 704 non
1651 672 1730 706 videt
1743 673 1773 706 K
1789 671 1846 706 esse

371 726 517 756 maiorem
531 734 653 766 poenani
662 724 754 766 quaxn
766 721 800 753 M
810 744 819 758 ,
835 722 904 752 ct'im
915 718 946 752 sit
954 719 1076 763 :equalis
1087 715 1235 750 extensiue
1246 719 1276 751 ὃ(
1284 718 1378 750 maior
1389 716 1546 750 intensiue?
1578 718 1762 752 Extendatur
1771 729 1844 762 ergo

371 770 402 803 K
413 780 482 802 cum
493 769 662 802 intensione
670 772 700 802 ὁ(
709 767 912 800 vniformitate
922 766 1014 808 priori
1026 764 1063 797 ad
1072 762 1193 807 aliquod
1210 773 1323 795 certum
1338 764 1446 796 instans
1454 787 1464 802 ‚
1472 765 1511 796 ita
1519 764 1603 807 quod
1614 763 1652 796 sic
1660 763 1713 798 fiat
1725 766 1845 808 aequalis
1863 784 1886 815 B

371 827 467 860 poena
475 826 544 847 cum
565 815 598 845 Μ
616 814 758 846 omnibus
765 812 936 857 ponderatis
948 825 959 849 3
973 809 1239 842 tuncilludinllans
1247 819 1309 840 non
1320 810 1414 851 potest
1423 810 1496 852 poni
1515 809 1549 840 N
1566 821 1622 841 nec
1631 821 1709 852 prius
1720 811 1753 841 N
1763 811 1847 853 ,quia

373 872 444 894 tunc
455 861 483 893 K
495 859 561 893 esset
571 860 796 892 notoriemaius
806 858 850 895 M,
859 856 930 888 sicut
939 866 1021 887 nunc
1030 856 1170 899 proximo
1180 852 1338 886 docebatur
1348 865 1357 888 ;
1381 864 1437 887 nec
1445 856 1539 897 potest
1547 857 1623 897 poni
1632 857 1708 887 inter
1722 855 1755 888 N
1773 855 1805 889 ὃ(
1820 855 1848 888 L

373 907 445 939 sicut
460 917 522 938 erat
532 905 665 949 superius
681 903 918 937 demonstratum
931 914 939 934 ι
957 902 1127 944 Patetergo
1142 897 1306 943 suppositio
1316 910 1507 943 pra-accepta.
1532 901 1612 944 Qae
1622 902 1652 934 ὅ(
1662 901 1755 943 p0test
1770 899 1849 934 insu-

373 964 425 996 per
436 950 582 984 ostensiue
594 950 630 983 lic
640 951 769 983 breuiter
778 947 987 982 demonstrari:
998 947 1029 979 K
1039 947 1236 989 componitur
1245 943 1360 988 praecise
1369 956 1406 977 ex
1415 947 1486 988 Q(
1496 946 1524 977 R
1533 957 1541 980 ;
1553 947 1587 978 M
1598 946 1672 979 vero
1680 957 1716 978 cx
1727 948 1760 979 O
1770 946 1801 980 ἃ
1811 947 1848 982 P;

373 1006 399 1032 s<
414 999 499 1039 Qst
517 996 631 1040 aequale
640 998 673 1029 O
684 1020 694 1034 ,
712 996 741 1029 ὅ(
754 995 780 1027 R
790 1005 885 1027 maius
894 993 916 1025 P
925 1017 934 1030 ,
943 992 1245 1033 ficutnullusignorat
1254 1014 1262 1027 ‚
1280 989 1363 1024 sicuti
1377 995 1465 1023 etiarn
1475 991 1608 1034 superius
1617 991 1848 1026 monstrabunn

371 1044 411 1076 est
421 1054 493 1086 ergo
505 1053 604 1074 iorum
613 1042 642 1074 K
654 1043 751 1073 maius
761 1051 829 1073 toto
838 1040 873 1071 M
884 1053 893 1077 ς
911 1040 951 1071 est
962 1039 1043 1071 enim
1059 1049 1125 1079 pars
1134 1037 1163 1069 K
1173 1035 1295 1079 aequalis
1307 1035 1342 1068 M
1355 1062 1364 1075 ,
1379 1037 1429 1068 illa
1438 1036 1574 1071 videlicet
1584 1048 1647 1081 quae
1655 1039 1850 1081 componitur

371 1100 409 1120 ex
420 1091 454 1129 Q
464 1096 493 1121 δε
505 1099 563 1119 vna
572 1098 652 1129 parte
661 1087 684 1119 it
695 1086 799 1130 aequali
809 1085 832 1117 P
842 1110 851 1124 ‚
861 1085 936 1116 sicut
952 1085 1133 1116 cun-storum
1144 1083 1238 1114 oculis
1246 1080 1400 1118 elucescit,
1414 1093 1556 1127 patetque
1565 1095 1617 1127 per
1625 1083 1697 1115 illud
1707 1094 1847 1116 commu-

372 1146 411 1167 ne
422 1135 598 1177 principium
610 1145 662 1177 per
671 1131 698 1165 se
708 1143 815 1164 norum
823 1155 835 1169 ‚
854 1131 884 1163 Si
895 1129 1060 1175 :equalibus
1071 1128 1196 1174 aequalia
1206 1126 1310 1165 addas,
1325 1139 1389 1160 tota
1398 1127 1471 1161 fient
1479 1129 1611 1172 aequalia,
1619 1129 1700 1172 quod
1709 1129 1780 1161 ideo
1788 1129 1847 1162 Eu-

372 1180 459 1212 clides
470 1190 569 1222 primo
578 1178 796 1211 elementorum
806 1175 929 1208 suorum
938 1177 1014 1209 inter
1021 1184 1197 1208 communes
1208 1174 1300 1205 animi
1317 1177 1533 1216 conceptiones
1545 1185 1718 1207 enumerat:
1737 1176 1767 1207 Si
1776 1187 1850 1219 ergo

372 1237 440 1268 pars
451 1226 479 1258 K
490 1226 527 1257 est
535 1224 653 1267 aequalis
664 1223 708 1263 M,
717 1234 784 1255 cum
797 1223 826 1254 K
839 1221 872 1255 sit
881 1224 976 1254 maius
986 1221 1036 1254 iila
1045 1217 1216 1265 partc,sicut
1226 1219 1296 1252 illud
1306 1219 1462 1262 vulgarum
1473 1221 1664 1264 principium,
1688 1222 1795 1254 Omne
1804 1232 1850 1254 to-

373 1282 436 1304 tum
445 1273 483 1303 est
493 1281 590 1302 maius
598 1268 646 1301 sua
655 1279 736 1311 parte
744 1269 842 1301 lucide
853 1266 1037 1304 manifestat,
1058 1268 1096 1299 est
1107 1264 1237 1297 similiter
1246 1266 1342 1297 maius
1353 1266 1388 1297 M
1398 1266 1470 1298 ficut
1478 1266 1621 1298 omnibus
1630 1267 1704 1300 clare
1713 1278 1806 1311 patet,
1815 1266 1851 1299 si·

373 1317 532 1349 curretiam
548 1322 620 1355 7³³¹.
636 1314 671 1356 5³.
682 1315 899 1347 elementorum
918 1312 1046 1345 Euclidis
1055 1311 1130 1344 clarc:
1145 1309 1331 1343 demonstrat
1342 1334 1349 1347 ,
1366 1312 1413 1350 Si,
1429 1313 1654 1356 inquiens‚diiae
1669 1315 1848 1357 quantitates
1863 1326 1893 1359 C

372 1363 499 1405 :equales
517 1360 553 1393 :id
563 1360 850 1403 quamlibettertiam
867 1367 1212 1401 comparentur‚earum
1223 1355 1258 1389 ad
1268 1356 1350 1389 illam
1365 1357 1481 1390 eritvna
1499 1359 1660 1402 proportio
1671 1369 1679 1388 .·
1691 1361 1761 1392 item
1772 1361 1849 1393 illius

372 1408 408 1440 ad
418 1407 521 1439 ambas
532 1408 691 1450 proportio
701 1417 772 1437 vna.
804 1405 886 1438 Patet
894 1406 984 1447 igitur
992 1400 1270 1446 veritaspraelibattu
1288 1401 1420 1435 Retento
1431 1402 1590 1446 igirurcasu
1601 1403 1746 1446 praemiffo
1755 1405 1791 1439 de
1801 1406 1852 1439 Pe-

373 1464 420 1485 tro
435 1454 483 1488 ,ἃ
494 1453 521 1483 Α
531 1454 592 1484 eius
601 1462 722 1494 peccato
732 1476 740 1489 ‚
751 1452 781 1484 ἂ
789 1451 812 1481 Β
824 1462 918 1494 poena
934 1451 994 1482 eius
1004 1459 1114 1481 aeterna
1124 1473 1133 1487 ,
1141 1453 1171 1480 ὅ(
1185 1447 1215 1479 C
1223 1447 1406 1480 contritione
1415 1446 1544 1481 eiusdem
1556 1471 1565 1484 ,
1580 1449 1610 1483 ὅ(
1618 1450 1648 1481 D
1657 1462 1741 1494 parte
1755 1451 1852 1484 infini-

372 1510 400 1532 ta
410 1499 426 1516 ⁹<
443 1500 466 1531 Β
476 1509 526 1541 per
536 1498 564 1529 C
573 1497 688 1529 remissa
699 1508 707 1530 ·,
725 1496 854 1528 Ponatur
865 1496 992 1529 Paulum
1005 1494 1114 1526 babere
1124 1494 1146 1525 E
1155 1503 1314 1536 peccatum
1331 1494 1424 1525 maius
1435 1493 1462 1524 A
1471 1519 1479 1532 ,
1490 1495 1536 1525 cui
1547 1499 1576 1525 &
1592 1494 1733 1529 debeatur
1746 1497 1768 1529 F
1784 1510 1851 1541 poe.

369 1556 410 1576 na
419 1554 528 1577 :eterna
539 1543 637 1574 similis
646 1543 739 1586 specie
750 1542 772 1572 B
782 1540 829 1572 led
839 1540 1030 1579 intensiones:
1040 1539 1078 1572 sic
1086 1539 1231 1577 maior,&
1242 1549 1295 1583 per
1304 1539 1332 1570 G
1341 1540 1555 1571 contritionem
1564 1541 1710 1583 aequalem
1720 1543 1747 1574 C
1758 1554 1852 1576 mere-

369 1591 395 1622 ri
403 1589 605 1622 remissionem
617 1589 648 1620 H
659 1588 747 1630 partis
757 1586 880 1620 infinitae
889 1587 910 1619 F
919 1597 928 1620 3
936 1587 1025 1630 igitur
1034 1597 1086 1629 per
1095 1594 1250 1617 veritatem
1261 1581 1450 1626 praemissam,
1460 1584 1490 1616 H
1501 1585 1540 1617 est
1551 1587 1648 1618 maior
1656 1598 1749 1628 poena
1758 1589 1850 1632 quirin

370 1637 394 1668 B
407 1649 413 1666 ι
432 1637 541 1677 δίει·ςο
559 1634 665 1666 Paulus
675 1644 727 1676 per
745 1634 773 1664 G
786 1634 1001 1665 contritionem
1019 1642 1148 1664 meretur
1157 1629 1239 1674 quod
1254 1631 1350 1661 maius
1358 1632 1396 1662 est
1406 1654 1416 1668 ,
1430 1629 1564 1663 videlicet
1577 1631 1781 1665 remissionem
1799 1634 1832 1667 H
1842 1659 1850 1671 ,

370 1682 468 1713 multo
480 1690 575 1723 magis
583 1679 686 1711 Petrus
701 1690 753 1722 per
761 1679 788 1710 C
799 1680 1014 1711 contritionem
1025 1676 1168 1720 aequalern
1180 1686 1311 1708 meretur
1326 1675 1408 1719 quod
1418 1677 1517 1707 minus
1525 1677 1565 1707 est
1575 1701 1584 1714 ‚
1595 1677 1732 1710 videlicet
1745 1680 1847 1712 remis-

370 1726 487 1758 sionem
497 1727 590 1757 totius
601 1726 623 1757 B
635 1735 737 1768 poenae
749 1726 900 1758 maximat,
911 1721 1050 1765 cumipse
1061 1722 1094 1754 sir
1103 1721 1221 1757 melior,
1229 1722 1433 1756 innocentior,
1442 1721 1472 1754 ἃ
1482 1721 1653 1755 habiliorad
1662 1725 1852 1757 mei-endum.

369 1774 449 1815 Qis
456 1773 535 1804 enim
545 1772 635 1803 iustus
643 1768 773 1802 creditor
783 1771 934 1802 Dominus
946 1766 1005 1799 siue
1018 1766 1111 1800 Iudex
1121 1765 1194 1799 illud
1204 1765 1316 1799 recusat
1326 1768 1342 1799 ὲ
1351 1764 1403 1799 suo
1411 1765 1547 1799 debitore
1555 1766 1691 1801 oblatum
1701 1781 1758 1812 pro
1766 1768 1846 1803 solu-

369 1821 453 1849 tione
461 1815 552 1848 dcbiri
564 1816 703 1853 minoris,
714 1814 796 1857 quod
809 1825 871 1846 non
881 1814 918 1847 de
927 1814 1020 1857 gratia
1029 1812 1078 1845 sed
1088 1812 1125 1845 de
1134 1823 1196 1844 iure
1204 1809 1310 1844 sufficit
1320 1822 1374 1855 pro
1384 1812 1529 1845 solutione
1537 1814 1670 1853 maioris,
1678 1815 1762 1857 quod
1771 1822 1801 1849 &
1809 1815 1848 1848 :ib

369 1863 429 1903 alijs
439 1861 626 1895 debitoribus
636 1872 698 1892 non
710 1860 746 1892 de
755 1862 849 1902 gratia
859 1884 867 1898 ‚
876 1859 924 1891 sed
935 1859 973 1890 de
983 1868 1044 1890 iure
1052 1868 1183 1900 acceptat
1191 1868 1245 1900 pro
1254 1857 1343 1900 plena
1358 1855 1509 1890 solutione
1524 1860 1662 1896 maioris,
1674 1862 1845 1894 maiorisin-
1858 1879 1892 1912 D

368 1919 459 1952 quam
470 1932 480 1946 ‚
492 1918 553 1939 non
563 1910 592 1938 in
602 1907 730 1938 minimo
741 1905 806 1943 ,sed
816 1916 962 1948 quantum
976 1904 1108 1935 volueris
1117 1905 1251 1945 cogitare
1260 1925 1270 1939 ,
1292 1903 1365 1934 sicut
1380 1903 1500 1936 faciliter
1508 1904 1603 1946 potest
1618 1906 1745 1940 ostendi.
1771 1909 1848 1941 Item

393 1964 502 1985 otiatur
512 1976 520 1990 ,
547 1952 633 1996 quod
644 1951 732 1983 Petro
743 1950 886 1983 debeatur
896 1959 991 1993 poena
1010 1947 1132 1991 :equalis
1148 1958 1203 1991 pro
1217 1948 1319 1992 aliquo
1329 1959 1452 1992 peccato
1468 1949 1508 1981 illi
1518 1952 1594 1991 parti
1614 1962 1715 1994 poenae
1724 1951 1847 1985 remiss'ae

368 1966 466 2031 lizinio
479 2009 530 2034 ner
540 2001 620 2030 suam
630 1997 842 2029 contritionem
853 2019 862 2034 ‚
872 2002 901 2028 δε
911 1993 996 2039 quod
1007 1994 1109 2026 Petrus
1123 1993 1274 2039 aequaliter
1282 2004 1454 2026 conteratur
1475 2008 1485 2025 .·
1510 1994 1612 2028 Petrus
1621 2007 1693 2039 crgo
1704 2007 1756 2040 per
1763 1997 1845 2029 suam

369 2046 586 2077 contritionem
597 2053 728 2074 meretur
746 2037 949 2074 remissionem
966 2039 1130 2083 plenariam
1139 2049 1241 2082 poenae
1254 2035 1326 2072 suae:
1345 2038 1576 2083 Qurelibetergo
1585 2043 1726 2074 contritio
1741 2041 1848 2077 sufficit

369 2090 407 2123 ad
416 2090 622 2121 remissionem
634 2088 792 2130 plenariam
808 2086 963 2118 cuiuslibet
971 2086 1069 2128 culpae
1077 2085 1108 2118 ὃ(
1118 2095 1227 2128 poeuae.
1252 2083 1325 2117 Item
1341 2084 1484 2117 medietas
1499 2084 1641 2119 intensiua
1651 2087 1680 2120 C
1691 2091 1848 2120 contritio-

369 2137 413 2167 nis
420 2138 448 2167 in
460 2135 560 2172 Petro,
568 2134 598 2168 ὅ(
608 2132 747 2176 quaelibct
756 2143 846 2176 partia
854 2142 921 2176 pars
930 2142 993 2162 cius
1001 2156 1008 2168 ‚
1019 2133 1065 2163 seu
1074 2130 1130 2162 alia
1138 2129 1280 2162 contritio
1288 2139 1553 2173 quantumcunque
1560 2131 1708 2165 remissior
1716 2132 1788 2167 fulta
1795 2145 1849 2165 cir-

369 2177 705 2223 cumstantijsrequilitis
716 2188 881 2209 mercretur
896 2176 1076 2208 deletionem
1094 2177 1123 2207 A
1143 2174 1242 2218 quoad
1253 2175 1374 2218 culpam
1387 2198 1395 2211 ,
1412 2175 1552 2219 &quoad
1564 2187 1678 2219 partem
1689 2177 1849 2218 infinitam,

369 2227 394 2259 B
403 2226 469 2257 licet
477 2228 628 2257 minorem
640 2225 684 2261 D;
693 2234 782 2266 quare
790 2222 916 2257 &altera
925 2220 1065 2253 medietas
1075 2220 1102 2251 C
1112 2223 1140 2251 in
1152 2218 1303 2256 Peiro‚seu
1311 2229 1377 2252 tota
1387 2220 1416 2253 C
1424 2222 1648 2265 contritio,quae
1655 2223 1694 2256 est
1703 2226 1734 2256 in
1743 2224 1848 2269 duplo,

369 2270 415 2303 vel
425 2282 539 2313 quantu
546 2269 635 2301 m-vis
643 2267 784 2301 intensior
792 2268 821 2300 ὅ(
829 2267 935 2300 melior
944 2267 993 2299 illa
1002 2266 1184 2298 contritione
1193 2265 1352 2297 remissiori
1360 2265 1536 2309 predictam)
1542 2267 1607 2300 ulto
1614 2280 1711 2313 magis
1720 2280 1849 2304 merctur

367 2318 574 2349 remissionem
585 2325 683 2358 paruae
692 2324 778 2356 partis
786 2313 809 2343 B
819 2311 938 2344 residuae
949 2336 958 2350 ,
973 2310 1038 2343 imo
1047 2313 1078 2345 ὅ(
1086 2309 1197 2353 aliquid
1214 2321 1361 2354 magnum
1369 2312 1456 2343 vltra.
1482 2312 1566 2345 Alias
1579 2324 1690 2346 etenim
1706 2317 1848 2348 contritio

367 2362 416 2393 ,¹113
428 2372 488 2393 tora
498 2372 558 2393 non
576 2359 662 2402 plene
679 2368 886 2391 remuneratur
895 2358 911 2388 ἐι
920 2357 999 2392 Deo.
1010 2367 1064 2387 nec
1073 2357 1163 2388 ctiam
1177 2355 1275 2398 aliqua
1290 2367 1357 2399 pars
1370 2356 1458 2389 illins.
1482 2358 1649 2392 Cuiussibet
1663 2363 1742 2393 enim
1753 2363 1842 2404 partis

367 2406 486 2450 signaiae
495 2405 640 2437 medietas
650 2414 812 2437 mereretur
821 2402 1026 2436 remissionem
1044 2404 1073 2434 A
1092 2401 1192 2444 quoad
1203 2401 1321 2443 culpam
1338 2425 1347 2440 ‚
1368 2408 1398 2434 δε
1408 2402 1511 2445 quoad
1519 2405 1789 2446 parteminfinitam
1807 2409 1844 2445 B,
1882 2417 1904 2448 Ε

369 2459 399 2485 ὅ(
411 2463 463 2483 cur
472 2462 533 2484 non
545 2460 740 2482 mereturvna
749 2448 892 2481 medietas
900 2458 1051 2492 quantum
1060 2447 1161 2480 altera?
1188 2447 1253 2478 Cur
1262 2456 1336 2491 ergo
1345 2458 1408 2479 non
1419 2459 1549 2482 meretur
1562 2449 1767 2484 remissionem
1777 2463 1844 2496 par-

367 2509 413 2529 ua:
423 2499 512 2539 pariis
521 2506 621 2539 poenae
638 2494 761 2528 residtiae
770 2518 778 2532 ‚
793 2498 822 2528 δε
832 2492 941 2536 aliquid
951 2493 1024 2525 vltra
1034 2517 1045 2531 ‚
1069 2503 1184 2524 tantum
1200 2503 1341 2534 quantum
1356 2493 1493 2526 remissio
1503 2496 1530 2527 A
1542 2496 1647 2538 quoad
1657 2497 1774 2540 culpam
1791 2523 1800 2537 ‚
1815 2497 1847 2532 ὃ(

367 2542 468 2586 quoad
486 2552 601 2584 partem
617 2552 717 2582 poenae
734 2538 882 2572 infinitam
899 2536 1046 2570 dimissam
1057 2537 1171 2570 excedit
1185 2536 1330 2568 residuam
1340 2548 1453 2581 partem
1470 2547 1584 2582 poenae?
1612 2542 1670 2574 Sed
1686 2545 1754 2587 quis
1770 2555 1846 2587 prm-

368 2591 430 2620 {uin
437 2589 520 2630 pserit
531 2587 630 2618 dicere
638 2587 736 2617 Deum
748 2597 811 2617 non
819 2594 1007 2616 remunerare
1016 2583 1143 2624 plenarie
1150 2580 1315 2625 quemlibet
1327 2585 1427 2616 aetum
1436 2583 1563 2621 bonum,
1573 2596 1676 2620 contra
1687 2598 1700 2628 3
1711 2599 1719 2620 ι
1728 2594 1770 2620 ²¹¹².
1779 2600 1845 2632 par-

369 2645 429 2665 tem
447 2633 594 2668 corollarij
609 2632 696 2674 primi
714 2629 820 2662 huius?
855 2629 986 2662 Vnde&
998 2629 1221 2671 Dominiisipse
1237 2627 1307 2659 dicit
1323 2653 1331 2665 ,
1356 2630 1531 2674 Omnisqui
1541 2632 1690 2675 reliquerit
1702 2634 1840 2672 domum,

367 2684 420 2714 ἃς.
437 2688 560 2721 propter·
572 2689 683 2709 nomen
694 2687 798 2707 mcum
811 2700 819 2713 ,
828 2685 948 2707 centum
956 2675 1081 2716 accipiet
1093 2687 1101 2707 :
1111 2672 1212 2705 Mattli
1220 2696 1227 2706 .
1237 2685 1266 2710 9.
1278 2677 1308 2704 ὅ(
1317 2673 1426 2707 Mares
1435 2685 1464 2706 0.
1490 2677 1596 2709 Nemo
1606 2678 1645 2709 est
1654 2681 1706 2722 qui
1715 2680 1842 2724 relique-

367 2728 401 2757 rit
411 2723 554 2758 domiim,
564 2728 619 2756 &e
627 2732 746 2765 propter
753 2722 867 2763 me‚qui
877 2732 939 2751 non
956 2721 1078 2765 accipiet
1087 2729 1196 2750 centies
1206 2728 1321 2751 rantum
1331 2721 1446 2754 nuncin
1456 2730 1592 2764 tempore
1601 2722 1662 2756 hoc
1673 2729 1721 2762 3&
1731 2726 1840 2761 Luc.6.

366 2772 445 2802 Date
458 2793 465 2805 ,
483 2773 512 2799 ὃ(
524 2767 644 2799 dabitur
654 2764 940 2805 vob153mensuram
949 2765 1062 2797 bonam
1073 2790 1082 2804 ,
1097 2765 1128 2799 ὅ(
1136 2762 1303 2796 confertam
1313 2787 1323 2800 ,
1339 2765 1369 2798 ἂ
1379 2768 1604 2810 coagitatam‚&
1614 2769 1846 2812 superfluentem

367 2814 481 2848 dabunt
494 2815 522 2846 in
534 2812 629 2845 sinum
637 2814 762 2846 vestrum
773 2826 783 2851 3
798 2812 943 2854 Dicitque
958 2812 1082 2853 Sapiens
1093 2833 1102 2847 ,
1125 2809 1161 2844 lii
1170 2810 1271 2853 paucis
1281 2811 1378 2843 vexati
1389 2813 1435 2851 ,in
1444 2812 1542 2848 multis
1551 2811 1628 2846 benc
1645 2814 1844 2860 disponentur

1706 2863 1838 2907 Sapient.
1852 2867 1856 2888 ³
