1985 3130
128 160 178 209 C
196 178 220 206 A
239 176 279 207 P.
304 171 371 214 52.
789 152 865 203 De
882 154 1003 220 Cazfiz
1024 156 1129 207 Dei.
1695 165 1778 211 861

147 260 174 293 Α
190 254 300 288 tiabilis
319 253 349 287 ὃ(
363 250 558 284 terminabilis
574 252 708 285 terminis
723 249 884 294 oppositis,
900 263 966 294 quae
975 251 1191 296 correspondet
1209 253 1294 285 simili
1304 256 1457 297 potentiae,
1473 254 1671 288 scilicetnatu-

186 301 248 336 mli,
260 299 406 335 mutabili,
416 295 565 333 afikuabilh
575 304 606 330 sc
617 297 795 329 terminabili
804 296 986 339 supradifiae.
1008 300 1055 330 De
1063 310 1122 342 qua
1132 303 1265 342 potentia
1274 298 1352 343 quali
1363 301 1477 344 semper
1486 301 1667 344 intelligunt,

188 347 388 389 &loquuntur
397 340 586 384 Philosophi,
597 342 768 385 Theologi‚
778 340 1015 376 &vniuersaliter
1023 354 1130 376 omncs
1140 344 1221 377 docti
1232 347 1341 388 pariter
1349 351 1377 376 &
1388 347 1518 385 indnsti,
1538 346 1608 377 cum
1619 348 1666 378 di-

186 394 424 434 cantqiiicquam
434 386 516 431 posse
526 388 600 425 ficri,
617 388 663 421 vel
678 399 742 419 non
752 388 844 430 polle,
862 389 1031 421 cuiuscausa
1040 389 1092 426 est,
1108 401 1176 432 quia
1190 391 1332 434 quicquid
1351 391 1453 423 vident
1469 391 1532 424 fieri
1546 402 1665 424 natura-

185 438 258 471 liter,
274 435 476 470 arnficmlioer,
493 434 672 469 voluntarie,
684 433 830 471 violente,
847 430 999 466 casualiter
1008 435 1051 467 vel
1069 434 1211 472 fortuito,
1229 435 1329 469 vident
1344 435 1406 468 fieri
1421 447 1473 479 pet
1488 436 1663 470 huiusmodi

184 482 359 515 factionem.
386 479 483 512 Huius
495 490 593 511 :iurem
603 478 692 511 caiisa:
702 479 817 512 videtur
828 480 880 510 alia
892 481 976 512 caula
985 481 1086 521 prior;
1100 479 1191 512 fastio
1201 491 1328 524 namque
1338 482 1478 524 praeccdit
1493 484 1593 514 saltem
1612 493 1662 513 na-

184 528 315 560 turaliter
329 528 359 562 <St
372 525 526 557 causaliter
540 524 623 558 suurn
640 525 765 563 fastum,
781 534 870 567 quare
888 535 942 556 nec
958 526 1162 568 temporaliter
1177 526 1275 568 pou-st
1286 527 1322 559 ab
1339 538 1375 559 eo
1390 528 1514 570 praecedi
1525 553 1533 566 ,
1550 530 1661 561 faciens

183 571 450 618 quoquesim'iliter
458 571 633 608 factionem,
651 581 703 602 nec
712 571 1023 613 porestremporaliter
1031 570 1068 602 ab
1078 582 1111 601 ea
1121 572 1248 615 praecedi
1265 583 1273 603 :
1291 572 1490 615 quamobrem
1509 576 1537 607 ἂ
1553 575 1659 606 iaciens

182 620 396 654 suumfastum,
413 627 468 648 nec
477 616 573 658 porest
582 616 783 660 temporaliter
797 614 834 648 ab
849 625 885 646 co
901 617 1049 649 antecedi.
1073 618 1179 658 ere
1194 617 1223 649 ὅ(
1240 616 1412 650 ficutomne
1421 618 1530 651 fiii-iens
1541 630 1661 662 tempo-

182 664 243 697 rale
253 663 521 706 habctprincipium
531 663 708 705 temporale,
727 661 764 692 sic
781 660 812 694 ὅ(
828 660 964 704 quaelibet
980 673 1044 694 eius
1057 662 1158 698 faeno,
1175 662 1369 705 &quodlibet
1377 664 1486 697 fastum
1497 668 1570 697 eius.
1598 665 1661 697 Pti-

182 722 232 742 ma
242 711 332 753 igitur
341 709 482 745 factione,
499 706 607 741 scilicet
618 705 751 741 mutabili
767 712 797 739 ὁ(
816 706 994 739 terminabzli
1011 710 1143 739 terminis
1158 707 1316 751 oppolitis,
1336 720 1397 740 non
1408 710 1503 752 potest
1514 711 1600 742 Deus
1618 711 1660 742 fa-

182 766 247 788 cere
255 755 450 798 depraererito
459 763 520 785 non
531 755 722 796 praeterimm,
736 755 775 785 ita
784 752 919 785 videlicet
929 752 1016 796 quod
1026 752 1136 798 aliquid
1146 753 1247 796 ptimo
1258 753 1291 786 sit
1299 765 1490 797 praeteritum,
1506 757 1534 789 ὁ(
1549 756 1659 789 deinde

144 807 168 839 Β
183 799 408 834 recedatabillo
419 808 562 841 tanquam
580 799 596 830 a
613 800 740 831 termino
759 798 776 830 ὲ
792 809 853 841 quo
864 798 1035 833 suenonis&
1046 810 1161 837 motus,
1178 800 1207 833 ἃ
1222 799 1343 831 accedat
1359 800 1465 832 :iduon
1477 804 1658 843 pi‘aeteritum

181 856 327 889 tanquam
338 844 375 878 ad
384 847 545 878 terminum
555 844 592 875 ad
602 855 692 887 quem
702 843 833 875 eiusdem
851 843 987 877 factionis
1005 845 1034 878 ὃ(
1053 855 1152 877 morus
1168 857 1176 876 :
1196 844 1231 876 sic
1248 846 1327 877 enim
1343 845 1453 887 aliquid
1473 847 1572 889 primo
1589 846 1658 879 effi-t

180 894 375 937 praeterirum,
388 891 417 924 ὃ(
427 892 527 933 postea
538 901 600 922 non
610 891 805 934 praeteritum,
823 889 906 932 quod
916 890 1151 923 contradictoria
1161 890 1294 934 implicat
1303 891 1463 922 euidenter.
1480 892 1658 936 Philosophi

179 938 290 981 ergo&
306 936 463 979 Theologi
478 935 644 968 diuidentes
661 935 836 979 generaliter
851 936 983 968 vniuersa
998 934 1159 968 secundum
1171 934 1369 968 differentiam
1381 937 1525 978 triplicem
1542 949 1658 980 tempo-

179 986 284 1022 ralem,
304 982 465 1014 secundum
476 981 623 1018 futurum,
641 982 791 1018 videlicet,
808 979 944 1023 praescns,
962 987 1195 1024 &praeteritum
1208 980 1658 1026 intenduntassignarevlterius

179 1029 263 1062 issam
274 1028 556 1060 differentiamintet
565 1025 712 1065 membra,
723 1027 810 1069 quod
825 1028 906 1060 Deus
922 1027 978 1059 hac
992 1029 1123 1060 {afflone
1138 1027 1274 1059 initiabili
1293 1027 1511 1061 &terniinabili
1522 1031 1656 1062 terminis

179 1073 326 1119 oppositis
338 1073 434 1117 potest
443 1073 536 1105 facere
543 1072 579 1105 de
588 1071 689 1105 futuro
699 1084 762 1104 non
776 1072 910 1104 futurum
921 1083 973 1116 per
989 1073 1221 1117 produstionem
1232 1075 1295 1105 eius
1305 1075 1333 1105 iti
1343 1073 1409 1112 esse,
1423 1075 1453 1108 ὃ(
1471 1074 1506 1106 de
1523 1077 1656 1117 pra-lenti

178 1131 242 1153 nori
255 1121 379 1164 praesens
388 1130 439 1163 per
450 1117 675 1151 subductionem
685 1121 746 1151 eius
756 1116 793 1150 ab
803 1116 859 1151 esse
868 1130 874 1152 ;
883 1118 919 1151 de
928 1119 1074 1161 praererito
1083 1129 1181 1151 aurem
1192 1130 1254 1151 non
1265 1122 1443 1161 praeteriturn
1453 1119 1535 1151 nullo
1545 1120 1652 1153 modo.

179 1166 316 1199 Isautcm
327 1165 493 1198 intellectus
507 1164 660 1197 euidenter
675 1174 794 1208 apparet
810 1175 846 1196 cx
862 1163 959 1196 verbis
973 1164 1146 1196 Doctorum
1160 1166 1190 1199 ὅ(
1208 1163 1465 1209 Philosophorum
1480 1165 1518 1197 ad
1533 1165 1657 1209 oppost-

180 1222 242 1243 xum
258 1214 399 1256 proximo
415 1209 627 1242 addustorum.
653 1210 742 1243 Vnde
757 1207 855 1241 beatus
873 1209 1060 1253 Augustinus
1073 1215 1124 1241 26.
1142 1220 1247 1241 contra
1267 1210 1406 1242 Faustum
1423 1221 1536 1253 negans
1551 1212 1654 1244 Deum
1676 1218 1833 1257 AuguHimu.

178 1257 261 1300 posse
270 1256 365 1290 facere
375 1265 482 1298 thua:
498 1254 575 1287 fasta
594 1254 660 1288 sunt
676 1266 738 1287 non
755 1253 874 1293 fuerint,
893 1254 964 1287 licut
980 1255 1095 1298 plenius
1111 1253 1294 1299 allegabatur
1304 1254 1448 1299 superius,
1467 1258 1655 1290 ostendendo

178 1303 207 1336 se
223 1304 306 1347 loqui
324 1302 361 1333 de
376 1299 545 1333 huiusmodi
562 1299 693 1333 haione
712 1299 903 1339 terminabili‚
920 1301 949 1334 ὅ(
963 1300 1099 1332 mutabili
1117 1300 1154 1331 de
1168 1301 1268 1343 aliquo
1284 1304 1413 1334 termino
1430 1303 1458 1334 in
1475 1303 1537 1335 eius
1556 1314 1656 1347 oppo-

139 1347 166 1379 C
178 1349 278 1382 lirum.
294 1347 464 1380 immediate
483 1344 631 1389 subiungit
647 1357 655 1380 ς
673 1345 770 1378 Potest
780 1346 876 1378 facere
885 1356 918 1378 vt
934 1345 1046 1390 aliquid
1063 1356 1126 1377 non
1144 1346 1177 1379 iit
1193 1346 1277 1390 quod
1297 1358 1357 1380 erat
1375 1361 1385 1385 ς
1402 1357 1472 1380 runc
1489 1350 1568 1379 enim
1585 1349 1655 1381 facit

178 1405 211 1428 vt
228 1406 290 1427 non
308 1392 350 1432 lit,
367 1394 488 1436 quando
505 1392 618 1435 aliquid
635 1393 691 1424 essc
705 1393 850 1424 inuenerit
866 1392 903 1425 de
919 1402 979 1434 quo
995 1391 1058 1426 fiat,
1075 1392 1157 1425 velut
1172 1393 1241 1424 cum
1258 1392 1404 1436 aliquem,
1423 1395 1473 1438 qui
1490 1396 1582 1435 coepit
1598 1393 1654 1426 effe

177 1439 337 1473 nascendo,
354 1437 442 1471 faciat
452 1449 513 1471 non
524 1438 580 1470 elle
588 1437 749 1469 moriendo
766 1448 773 1470 3
788 1437 849 1468 hoc
860 1440 938 1470 enim
956 1436 1193 1471 faetuminuenit
1209 1438 1246 1469 de
1262 1450 1324 1482 quo
1341 1438 1432 1470 fieret.
1476 1442 1538 1472 Ἶιης
1554 1451 1653 1472 antem

178 1485 266 1521 dicat,
282 1495 313 1515 vt
322 1483 350 1516 id
360 1484 511 1528 quodiam
522 1494 585 1516 non
595 1484 648 1522 est,
665 1484 752 1515 faciat
762 1494 822 1516 non
832 1484 888 1516 effe
904 1491 913 1514 ἒ
929 1483 1087 1526 Quicquid
1097 1484 1178 1515 enim
1192 1494 1373 1527 praeteritum
1387 1485 1437 1522 est,
1453 1487 1512 1516 iam
1524 1497 1584 1517 non
1596 1488 1654 1524 οὓς

177 1531 264 1576 quod
274 1529 292 1561 fi
300 1530 337 1562 de
346 1531 410 1573 ipso
421 1528 602 1572 fictialiquid
613 1530 720 1573 potest,
739 1528 838 1560 adhuc
850 1530 888 1560 cst
898 1529 1005 1572 dequo
1017 1529 1084 1562 fiat:
1102 1529 1132 1563 ὃ(
1142 1529 1161 1560 si
1171 1532 1221 1565 est,
1232 1530 1394 1573 quomodo
1406 1533 1582 1573 praeteritum
1595 1534 1653 1564 cst?

178 1578 364 1609 Autoritates
380 1574 453 1609 vero
473 1574 604 1607 dicentes
619 1585 785 1608 creaturam
802 1586 865 1608 non
884 1574 966 1618 poffc
981 1574 1094 1616 semper
1108 1572 1202 1611 fuisse,
1216 1576 1386 1619 intelligunt
1401 1587 1434 1608 vt
1450 1587 1582 1608 creatura
1598 1579 1655 1608 im-

177 1633 277 1666 portat
287 1621 449 1654 fictionem
459 1631 495 1653 cx
505 1619 600 1652 nihilo
609 1620 799 1664 ptaecedenti',
815 1621 991 1654 initiabilem
1002 1619 1108 1654 scilicet
1117 1632 1207 1664 atque
1217 1621 1388 1654 mutabilem
1400 1621 1569 1656 maionem.
1587 1626 1655 1666 {up—

177 1678 325 1712 ponentes
343 1666 537 1699 Catholicarn
554 1667 705 1699 veritatem
723 1679 730 1698 :
749 1665 812 1698 aliae
820 1677 932 1705 autem,
946 1677 1013 1709 quae
1023 1665 1209 1699 dicuntnihil
1222 1667 1301 1700 aliud
1317 1671 1332 1698 a
1350 1668 1420 1699 Deo
1437 1668 1518 1709 polle
1531 1666 1586 1700 eil'e
1601 1680 1655 1699 co-

177 1724 334 1749 aerernum,
353 1724 420 1744 curn
430 1723 466 1744 eo
477 1711 645 1755 intelligunt
660 1709 796 1746 forsitan,
812 1711 962 1756 supposita
978 1712 1137 1744 Catholica
1154 1715 1287 1752 veritate,
1305 1714 1442 1745 videlicet
1459 1713 1542 1755 quod
1559 1725 1654 1745 omne

176 1759 256 1792 aliud
273 1761 290 1790 a
309 1761 378 1791 Deo
394 1756 427 1789 sir
444 1757 566 1793 fastum,
584 1758 650 1800 post
664 1768 728 1789 nori
742 1755 799 1789 css:
813 1757 850 1789 ab
865 1770 915 1791 eo.
941 1758 998 1790 Vel
1014 1756 1090 1791 forte
1105 1757 1249 1798 subtilius,
1267 1758 1351 1802 quod
1365 1758 1439 1791 nihil
1455 1759 1535 1790 :iliud
1553 1762 1569 1790 a
1584 1761 1652 1791 Deo

177 1806 273 1848 potest
283 1802 487 1836 effeaeternum
498 1804 631 1845 proprien
647 1803 686 1834 ita
695 1802 778 1846 quod
790 1801 1007 1836 habeattoturri
1018 1804 1073 1836 elle
1084 1804 1167 1835 suum
1180 1804 1276 1843 simul,
1293 1804 1351 1836 line
1366 1805 1465 1848 aliqua
1475 1803 1654 1837 successloilc

177 1849 329 1887 mutabili,
344 1849 442 1883 &sine
451 1847 644 1892 possibilitate
652 1848 689 1880 ad
705 1852 913 1885 mutationem,
932 1847 1002 1881 licut
1014 1850 1150 1885 Boetius.
1168 1851 1342 1889 Anselmus,
1359 1857 1389 1882 ὃ(
1406 1850 1567 1891 capitulum
1582 1861 1654 1893 pro-

124 1892 155 1926 D
177 1898 292 1930 ximum
308 1894 500 1938 loquebatur.
530 1893 836 1929 Vndelicetmundus
846 1907 905 1928 non
917 1893 1038 1927 haberer
1055 1898 1233 1938 principium
1245 1896 1410 1928 durationis
1429 1897 1477 1926 scu
1494 1898 1653 1937 temporis,

177 1952 275 1984 neque
290 1939 381 1974 finem
394 1964 402 1979 ,
424 1949 614 1982 nequaquam
630 1949 757 1971 aeternus
773 1943 896 1984 proprie
913 1940 1060 1973 diceretur
1076 1952 1198 1983 propter
1214 1940 1364 1973 defec‘tum
1383 1939 1475 1972 causa:
1494 1941 1651 1982 prxdislae.

176 1989 279 2028 Quare
293 1987 324 2020 6<
340 1987 462 2019 Boetius
476 1994 503 2027 5.
514 1985 552 2017 de
568 1983 774 2017 consolatione
791 1984 994 2029 Philosophiae
1013 1985 1099 2029 prosa
1117 1987 1269 2018 vltimaira
1284 1985 1392 2022 scribit,
1407 1986 1499 2027 Qod
1510 1989 1654 2028 :emporis
1675 1991 1779 2019 Boetius,

175 2033 288 2075 patitur
296 2031 517 2069 conditionem,
535 2030 695 2069 licetillud,
712 2030 791 2063 sicuti
809 2032 847 2063 de
861 2030 979 2063 mundo
994 2030 1106 2063 censuit
1122 2031 1309 2068 Aristoteles,
1326 2042 1379 2062 nec
1387 2041 1653 2074 coeperitvnquam

176 2073 244 2112 effe,
261 2088 315 2109 nec
324 2076 446 2112 desinat,
463 2077 523 2108 vita
537 2077 596 2107 eius
612 2086 680 2108 cum
697 2087 842 2119 temporis
856 2075 1001 2108 infinitate
1010 2075 1218 2118 protendatur,
1234 2076 1372 2107 nondum
1383 2086 1480 2107 tamen
1497 2076 1552 2108 tale
1566 2077 1605 2108 est
1622 2088 1654 2109 vt

174 2132 318 2154 aeternum
331 2120 458 2153 esseiure
473 2119 610 2152 credatur
626 2135 634 2150 ι
650 2131 714 2150 non
731 2122 810 2152 enim
826 2131 925 2152 totum
943 2120 1040 2157 finini,
1054 2121 1178 2154 infinirae
1195 2121 1262 2153 licet
1278 2123 1355 2155 vitae,
1373 2120 1503 2162 spacium
1520 2133 1654 2164 compre-

174 2164 608 2210 henditatquecomplcffitur,
622 2164 672 2196 ied
683 2164 778 2198 fututa
787 2166 925 2197 nondum
938 2165 1039 2205 habet,
1057 2165 1200 2199 transasta
1211 2168 1267 2198 iam
1280 2178 1341 2199 non
1351 2165 1437 2198 habet
1450 2181 1459 2204 3
1470 2167 1552 2209 quod
1562 2171 1653 2210 igitur

174 2210 478 2245 interminabilisvitae
494 2209 707 2252 plenitudinem
724 2221 819 2243 totam
835 2213 940 2254 pariter
953 2212 1186 2255 comprehendit
1201 2223 1234 2244 ac
1243 2211 1384 2253 possidet,
1401 2213 1651 2254 cuincquefuturi

175 2257 340 2302 quicquam
349 2254 435 2295 absit,
452 2266 505 2288 nec
523 2257 659 2298 praeteriti
677 2256 805 2292 fluxerit,
822 2257 1047 2289 illudaeternum
1057 2259 1114 2290 elle
1126 2269 1187 2290 iure
1196 2256 1378 2299 perhibetur,
1394 2257 1483 2299 idque
1493 2259 1651 2291 necelleest

175 2300 259 2336 &sui
268 2313 398 2346 compos
406 2301 529 2344 praeiens
537 2299 588 2332 fibi
597 2302 711 2343 semper
719 2301 864 2341 adfistere,
878 2304 908 2337 ὅ(
923 2302 1102 2335 infinitatem
1119 2302 1238 2335 mobilis
1255 2304 1401 2346 temporis
1410 2302 1519 2335 habere
1528 2304 1652 2344 praeseri·

176 2357 236 2380 tem
253 2362 263 2387 ;
278 2348 358 2381 vnde
367 2358 430 2380 non
440 2346 664 2390 reffiquidam,
680 2347 731 2390 qui
741 2347 809 2380 cum
818 2348 1044 2380 audiuntvisum
1057 2348 1174 2380 Platoni
1186 2348 1333 2380 mundum
1345 2348 1425 2379 hunc
1441 2359 1504 2380 nori
1520 2346 1650 2381 habuisse

122 2407 148 2440 E
175 2394 292 2426 initium
302 2393 460 2437 temporis,
475 2404 529 2425 nec
537 2391 710 2424 habiturum
724 2393 781 2425 eise
797 2392 957 2430 defestum,
973 2393 1033 2427 hoc
1050 2395 1147 2426 modo
1164 2393 1314 2426 conditori
1329 2393 1486 2424 conditum
1498 2395 1649 2426 mundum

175 2437 238 2471 fieri
249 2450 430 2472 coaeternum
440 2448 556 2479 putant.
582 2437 676 2470 Aliud
684 2441 764 2470 enim
774 2440 813 2471 est
822 2450 875 2483 per
886 2438 1137 2472 interminabilem
1148 2439 1214 2470 duci
1226 2440 1330 2477 vitam,
1346 2438 1428 2481 quod
1449 2438 1570 2470 Mundo
1580 2439 1649 2472 Pla-

174 2494 208 2516 to
218 2483 332 2523 tribuit,
345 2482 736 2517 aliudinterminabilisvuae
745 2495 841 2516 totam
851 2486 959 2527 pariter
968 2484 1164 2527 complexum
1175 2481 1229 2515 eise
1239 2487 1430 2526 praesentiam,
1445 2483 1529 2525 quod
1539 2483 1648 2517 diuinae

173 2532 284 2563 mentis
301 2531 454 2573 proprium
474 2526 527 2561 effe
543 2528 730 2561 manifestum
747 2531 786 2562 est
803 2543 810 2562 :
830 2541 926 2573 neque
942 2534 1021 2562 enim
1039 2532 1121 2561 Deus
1137 2529 1266 2561 conditis
1282 2528 1367 2561 rebus
1384 2530 1538 2573 antiquior
1553 2529 1648 2562 videri

174 2573 264 2608 debet
273 2575 416 2616 temporis
432 2575 604 2617 quantitate,
620 2574 667 2606 sed
685 2573 825 2617 simplicis
840 2576 941 2617 potitis
956 2576 1136 2619 proprietate
1151 2585 1272 2606 naturae.
1299 2574 1355 2606 Pro
1365 2574 1519 2607 histamen
1537 2577 1567 2610 ὅ(
1582 2576 1646 2612 aliis

174 2620 314 2663 quaedam
324 2619 473 2653 distinstio
490 2619 527 2652 de
541 2630 702 2652 aeternitate
719 2618 764 2652 scu
774 2630 884 2652 :eterno
894 2633 957 2652 non
968 2620 1080 2654 inutilis
1098 2619 1291 2652 estnoranda.
1314 2621 1386 2652 Vno
1403 2630 1533 2663 namque
1549 2621 1645 2653 modo

174 2664 295 2698 sumunt
310 2666 442 2698 Autores
455 2675 611 2702 aeternum,
627 2664 698 2698 ficut
714 2676 795 2697 nunc
810 2665 848 2697 est
864 2665 976 2698 dictum
995 2678 1003 2699 ;
1018 2666 1076 2698 alio
1093 2674 1192 2697 autem
1210 2665 1306 2697 niodo
1323 2676 1355 2697 vr
1370 2667 1515 2706 importat
1532 2667 1647 2699 tantum

172 2713 334 2744 carentiam
344 2711 480 2754 principii
491 2721 581 2753 atque
591 2710 658 2742 finis
675 2725 684 2749 ;
703 2710 782 2743 vnde
791 2710 821 2744 ἃ
832 2712 1039 2749 Grammatici,
1048 2711 1199 2753 sequentes
1211 2710 1393 2743 Euerardum
1405 2711 1646 2755 Bithynieniem‚

173 2754 224 2788 seu
233 2754 394 2788 secundum
405 2754 801 2801 quosdam,Bathoniensem
810 2755 839 2788 in
849 2755 900 2788 suo
910 2755 1142 2794 Graecismo,vbi
1151 2756 1278 2798 assignat
1287 2755 1468 2789 differentiae
1477 2759 1649 2796 nominum,

175 2806 214 2834 im
222 2800 324 2834 dicunt
332 2815 342 2839 ;
351 2802 507 2834 AEternum
516 2803 584 2833 vere
592 2801 652 2833 fine
663 2801 824 2844 principio,
834 2799 892 2834 fine
902 2800 1155 2845 fine,perpetuum
1166 2812 1210 2833 cui
1222 2802 1380 2845 principii‘i.
1394 2803 1440 2833 {cd
1451 2802 1510 2835 fine
1518 2803 1646 2835 carebit:

175 2846 206 2883 δι
215 2847 283 2895 quia
291 2847 341 2879 iste
350 2847 495 2881 secundus
505 2846 615 2878 modus
629 2846 668 2878 est
683 2844 799 2879 facilior
813 2847 962 2881 intellectu
970 2848 1065 2892 quam
1074 2849 1200 2892 primus,
1208 2858 1313 2880 omues
1320 2849 1427 2891 priene,
1443 2848 1581 2893 neglecto
1591 2850 1652 2891 pri-

1582 2905 1650 2933 mo,
