1985 3130
170 143 262 196 566
761 127 928 177 ‘Thomae
942 125 1231 177 Pradwardini
1659 131 1701 180 L
1713 150 1726 181 1
1739 150 1827 193 im,

288 229 367 261 mins
373 226 425 263 est,
441 226 614 258 nominatus
624 220 662 254 ab
669 220 813 254 omnibus
827 218 1015 264 passionibus
1024 230 1096 264 quas
1111 221 1242 253 irinouat
1250 221 1312 264 ipse
1323 245 1333 259 ,
1357 228 1388 254 isc
1405 221 1465 254 hoc
1483 232 1545 255 tarn
1565 224 1595 255 iu
1611 223 1772 266 abstracto,
1801 238 1832 271 Α

288 283 381 318 quam
391 273 420 304 in
430 279 584 303 concreto.
611 268 730 300 Dicitur
739 267 817 300 enim
826 264 939 299 nedum
948 265 1122 302 fulmineus.
1139 265 1298 310 pluuialis,
1314 267 1483 300 tonitrualis
1498 267 1527 302 ἃ
1538 267 1710 303 huiusmodi
1719 282 1775 308 ,ve-

289 330 357 353 rum
368 319 398 352 &
408 315 545 350 indefessi
554 316 562 346 i
567 314 633 358 gnis
640 323 755 350 morus,
764 311 848 345 radix
856 311 958 355 ponti,
965 311 1022 350 sol,
1029 315 1060 343 δι
1070 311 1153 348 luna,
1160 321 1192 344 νε
1200 311 1321 345 tertium
1329 314 1418 355 primi
1426 312 1542 356 plenius
1558 316 1691 349 recitauit
1706 329 1714 346 :
1736 315 1774 349 sic

291 367 322 400 ἂ
331 365 447 407 lingua,
455 373 515 396 mm
527 372 557 393 in
568 360 647 393 sacra
656 359 821 403 Scriptura,
829 358 924 401 quam
933 357 964 390 in
973 355 1079 391 crebro
1088 356 1189 390 modo
1197 356 1347 402 loquendi
1356 358 1498 401 accipitur
1509 369 1562 402 pro
1573 359 1710 394 sermone
1716 360 1778 394 for.

293 421 377 444 mato
384 420 435 452 per
445 408 578 451 linguam
590 419 598 438 ε
610 404 648 437 fic
660 406 748 438 etiarn
757 414 864 437 manus
871 403 1015 446 accipitur
1022 413 1077 446 pro
1084 404 1246 447 Scriptura.
1267 404 1303 435 Et
1313 403 1375 436 haec
1384 404 1522 447 exempla
1537 407 1625 448 ponit
1635 408 1776 451 Augusti·

293 467 347 490 nus
356 456 393 488 ad
402 454 531 486 eandem
539 449 765 485 conclusionem
779 459 805 491 3.
813 447 953 482 delibero
961 446 1094 487 arbitrio,
1104 458 1154 489 30.
1172 449 1201 484 ἂ
1211 458 1374 491 14.c0mra
1381 449 1532 486 Faustum,
1539 460 1554 480 2
1562 477 1569 484 ,
1580 458 1610 485 8<
1619 452 1702 484 idem
1714 453 1778 488 vult

110 496 124 521 ¹¹
140 493 275 540 chonclusi-
291 504 321 535 jn
334 502 349 544 Η
364 497 546 545 quaestionibus
570 495 676 535 Orosij
691 506 702 527 ι
710 497 739 528 8.
754 505 911 538 exponens
927 493 1002 527 illud
1015 503 1040 526 ι.
1048 493 1087 526 ad
1097 495 1174 527 Cor.
1184 504 1227 537 ¹5-
1246 496 1331 528 Caro
1339 496 1368 530 ὅ(
1384 493 1497 539 sanguis
1505 506 1632 540 regnum
1642 499 1701 530 Dei
1710 509 1776 531 nou

112 536 218 565 ombus.
293 546 494 592 possidebunt
505 555 514 579 ς
524 543 554 576 id
563 544 601 576 est
610 552 703 586 opera
709 542 806 575 camis
814 539 1003 584 &sanguinis
1015 552 1023 571 :
1035 545 1065 573 &
1075 539 1161 584 super
1169 539 1242 573 illud
1252 539 1360 573 Psalmi
1380 551 1428 583 50.
1451 541 1527 574 Ecce
1535 544 1564 574 in
1574 542 1778 587 iniquitatibus

294 601 459 636 conceptus
467 589 531 623 sum
541 602 549 621 :
560 589 595 620 Et
603 587 679 621 infra
689 597 698 622 ς
710 586 820 620 Libera
828 597 876 619 me
883 586 921 620 de
927 584 1134 631 sanguinibus,
1142 585 1208 619 vult
1216 584 1276 618 hoc
1285 585 1365 620 idem
1390 599 1397 618 :
1412 586 1488 619 Haec
1495 590 1575 620 enim
1585 591 1690 622 omnia
1697 591 1779 623 attri-

293 637 426 671 buuntur
436 635 533 669 eidem
542 636 655 678 agenti,
663 643 695 666 vt
705 633 857 664 Auerroes
865 632 940 666 dixit
954 631 1051 676 supra.
1077 633 1201 674 Qinto
1217 633 1362 677 accipitur
1377 632 1461 665 diuin
1468 643 1485 664 a
1501 633 1642 668 voluntas
1650 646 1707 680 pro
1716 637 1779 669 eius

293 683 393 728 figno:
422 684 549 726 Signum
558 681 637 713 enim
645 679 677 712 ὅ(
684 677 830 722 signatum
839 676 945 722 saepius
953 677 1205 723 correspondent.
1228 678 1278 711 Sic
1288 676 1450 710 secundum
1463 678 1682 724 Philosophum
1693 678 1777 726 supe-

293 731 354 763 rius
360 729 522 773 allegatum
532 727 614 759 vrina
621 724 729 759 dicitur
738 722 859 757 salubris
867 724 914 757 vel
921 721 1003 761 sana,
1011 726 1080 767 quia
1089 721 1206 767 [ignum
1223 736 1233 762 ;
1250 723 1349 768 ficque
1358 734 1470 757 nomen
1481 725 1512 760 ὅ(
1521 724 1646 759 verbum
1655 728 1685 759 in
1702 725 1780 759 sacta

112 789 230 824 Psalmus.
297 776 444 818 Scriptura
453 774 625 818 frequenter
637 772 782 814 accipitur
791 780 847 813 pto
856 781 887 803 re
904 768 1067 813 fignificata
1080 780 1133 814 per
1140 780 1256 802 nomen
1274 774 1304 804 δι
1321 768 1466 809 verbum;
1485 770 1577 803 Vnde
1586 771 1717 806 Psalmus
1727 782 1740 812 3
1748 784 1778 810 9.
1812 787 1835 820 Β

113 828 205 856 Parab.
295 822 406 853 Beatus
415 822 459 852 vir
468 830 554 851 cuius
560 819 601 850 est
610 827 723 849 nomen
734 816 867 848 Domini
875 815 971 857 [eius]
984 812 1049 859 spes
1058 817 1132 848 eius.
1148 815 1186 848 Et
1196 814 1305 848 Parab.
1318 817 1366 847 18.
1377 815 1481 849 Turris
1490 815 1653 851 fortissima
1662 829 1778 851 nomen

113 870 243 896 Ieremias.
296 867 438 901 Domini.
449 866 504 898 ler.
517 860 724 903 29.Suscitabo
733 863 882 905 supervos
891 859 1016 894 verbum
1025 872 1126 894 meum
1137 860 1302 896 bonum.vr
1309 860 1452 894 reducam
1462 873 1518 894 vos
1527 862 1566 896 ad
1575 862 1674 896 locum
1683 864 1782 900 istum.

113 909 214 936 eAmor.
298 914 337 946 Et
346 914 445 945 Amos
456 920 485 951 3.
497 911 578 942 Non
586 907 673 942 faciet
680 909 829 941 Dominus
837 905 1036 942 verbum,nifi
1043 907 1219 940 reuelauerit
1227 905 1370 940 secretum
1380 908 1464 941 suum
1473 907 1510 941 ad
1519 909 1620 941 seruos
1631 910 1700 942 suos
1707 909 1780 942 Pro·

114 966 214 995 snauh,
299 958 404 1002 phetas
418 956 563 989 :verbum
573 955 678 997 inquit,
694 952 783 991 idest,
797 963 860 985 rem
870 951 1066 997 significatam
1076 950 1275 997 perverbum.
1294 952 1491 994 EtMatth.7.
1508 955 1570 996 Q
1588 954 1671 988 audit
1689 954 1782 988 verba

299 1014 366 1037 mea
378 1027 387 1040 ,
406 1002 436 1036 &
452 1002 524 1035 facit
539 1012 586 1037 ea,
594 998 874 1032 assimilabiturviro
883 998 1020 1043 sapienti.
1047 994 1167 1032 Etinfra
1176 1008 1230 1041 24.
1241 997 1344 1031 Verba
1351 1009 1450 1031 autem
1460 1010 1525 1032 mea
1535 1011 1598 1032 non
1608 999 1783 1037 tranfibunr.

113 1054 233 1082 Numeri.
300 1050 412 1093 Sicque
422 1047 560 1081 Christus
569 1046 677 1079 dieitur
684 1046 801 1088 serpens
811 1045 842 1080 &
849 1046 935 1083 aries,
942 1045 1011 1088 quia
1019 1042 1152 1088 signatus
1159 1055 1210 1088 per
1218 1046 1386 1087 serpentem
1396 1042 1504 1081 Mofis,
1514 1045 1547 1078 N
1553 1056 1617 1078 um·
1629 1055 1666 1078 21
1673 1069 1680 1077 .
1691 1047 1721 1081 ὰ
1728 1058 1783 1092 per

116 1095 177 1120 Gen.
298 1097 421 1128 arietem
432 1092 578 1130 Abrahae,
588 1090 700 1125 Genes.
708 1091 809 1123 22.Sic
819 1097 850 1124 ὅ(
860 1091 939 1123 Dan.
947 1100 980 1130 7.
991 1089 1109 1130 dicitur,
1124 1089 1182 1123 Hae
1190 1089 1287 1122 bestiae
1296 1101 1407 1133 magnp
1417 1100 1561 1134 quatuor,
1578 1102 1708 1135 quatuor
1716 1103 1782 1137 reg-

115 1134 217 1161 Daniel.
298 1153 335 1174 na
345 1141 422 1179 sunt,
437 1151 504 1185 quae
513 1138 695 1181 consurgent
705 1136 742 1169 de
752 1147 835 1169 terra.
859 1137 896 1169 Et
903 1134 981 1169 infra
989 1135 1120 1169 eiusdem
1140 1136 1170 1168 8.
1187 1135 1275 1169 Aries
1284 1160 1294 1174 ,
1314 1146 1406 1180 quem
1424 1136 1518 1169 vidisti
1528 1135 1640 1169 habere
1649 1148 1779 1176 cornua,

297 1188 365 1220 Rex
376 1185 541 1219 Medorum
550 1184 589 1217 est
598 1193 687 1227 atque
704 1182 857 1215 Persarum
872 1196 883 1221 ;
906 1192 999 1225 porro
1017 1180 1118 1213 hircus
1136 1191 1290 1224 caprarum
1301 1181 1367 1216 Rex
1376 1181 1553 1215 Graecorum
1562 1182 1602 1215 est
1612 1207 1621 1220 ,
1641 1190 1672 1216 sc
1688 1194 1784 1217 cornu

298 1231 413 1275 grande
422 1230 506 1275 quod
515 1241 578 1263 erat
587 1230 666 1262 iuter
673 1228 782 1261 oculos
789 1229 864 1264 eius,
872 1226 934 1271 ipse
941 1228 981 1260 est
989 1228 1053 1260 Rex
1063 1228 1179 1270 primus
1190 1227 1249 1262 otc.
1258 1226 1373 1261 similia.
1408 1226 1483 1259 Haec
1499 1238 1600 1260 autem
1609 1227 1672 1261 dice
1678 1227 1785 1261 bantur

297 1287 456 1322 propterea
464 1276 520 1308 effe
526 1276 587 1314 illa,
595 1276 665 1319 quia
675 1275 796 1307 fuerunt
804 1271 885 1318 figna
893 1273 1026 1305 illorum.
1053 1273 1218 1316 Signatum
1231 1283 1341 1308 autem.
1351 1282 1383 1304 vt
1391 1271 1462 1305 dicit
1473 1272 1678 1317 Philosophus
1688 1274 1785 1307 2.Pri-

298 1334 388 1356 orum
402 1323 518 1366 penult.
530 1320 687 1366 quoddam
696 1321 735 1352 est
752 1325 859 1357 aaa&
868 1318 1026 1364 quoddam
1037 1318 1210 1362 prodigium
1233 1317 1430 1361 :Prodigium
1439 1328 1538 1352 autem
1550 1343 1559 1357 ‚
1581 1330 1613 1352 vt
1638 1319 1729 1356 dicit,
1743 1319 1784 1353 est

299 1368 418 1412 fignum
429 1367 701 1401 demonstratiuum
711 1366 740 1400 ὅ(
751 1365 1041 1408 neceffarium‚quod
1051 1362 1120 1398 ideo
1128 1362 1198 1396 scire
1206 1361 1287 1402 facit3
1305 1364 1421 1396 Dicitur
1429 1366 1510 1396 enim
1522 1365 1696 1408 prodigium
1704 1364 1785 1409 quasi
1813 1349 1842 1382 C

299 1426 358 1459 pro
368 1414 465 1458 digito
472 1413 621 1446 habitum.
646 1411 725 1445 Tale
733 1421 834 1443 autern
846 1409 962 1454 signum
973 1409 1081 1442 diuinae
1097 1410 1266 1443 voluntatis
1275 1408 1314 1441 est
1323 1408 1447 1453 duplex,
1466 1410 1572 1443 scilicet
1580 1413 1640 1444 eius
1649 1416 1786 1454 operatio

298 1460 426 1494 exterior
436 1470 447 1492 1
455 1483 462 1490 .
470 1459 615 1492 voluntas
625 1459 688 1490 eius
696 1467 805 1501 quarto
815 1455 913 1488 modo
921 1455 1011 1488 dista:
1031 1455 1118 1487 Nam
1126 1455 1291 1487 necessario
1301 1455 1432 1498 sequitur
1441 1479 1450 1493 ,
1465 1455 1575 1489 siDeus
1586 1455 1699 1502 aliquid
1710 1467 1788 1498 ope-

298 1504 579 1544 returextrinsecus,
589 1502 674 1549 quod
683 1502 744 1535 hoc
755 1503 839 1539 velit,
847 1500 920 1534 sicut
927 1500 957 1534 8.
966 1508 997 1534 ὅ(
1007 1510 1036 1540 9.
1047 1501 1174 1545 capitula
1182 1501 1272 1545 primi
1280 1499 1403 1533 docent.
1431 1499 1588 1534 Permissio
1598 1503 1787 1545 quoqueDci

298 1552 338 1584 est
348 1550 524 1583 huiusmodi
534 1550 650 1594 signum
660 1548 929 1582 demonstratiuum
938 1547 1103 1580 voluntatis
1113 1547 1199 1583 illius,
1214 1545 1287 1578 sicut
1299 1556 1346 1591 33.
1362 1546 1450 1589 primi
1459 1546 1583 1590 probat:
1598 1546 1678 1581 Istud
1687 1558 1787 1581 tamen

297 1596 419 1640 signum
430 1607 492 1630 non
503 1596 542 1629 est
552 1597 593 1629 ita
601 1594 726 1628 euidens
734 1593 808 1627 sicut
817 1593 962 1637 primum,
984 1593 1118 1625 Primum
1134 1594 1217 1625 enirn
1230 1592 1272 1623 est
1290 1590 1414 1624 euidens
1424 1591 1567 1625 omnibus
1576 1616 1587 1631 ‚
1605 1599 1636 1626 Sc
1645 1594 1676 1624 in
1686 1595 1791 1625 omni-

298 1641 353 1675 bus
362 1640 502 1686 operibus
512 1641 612 1674 libetis
621 1640 737 1673 nedum
746 1641 807 1673 Dei
814 1638 874 1678 ,sed
882 1639 912 1673 ὅ(
923 1648 1064 1671 creatutae
1075 1636 1229 1671 cuiussibet
1238 1634 1330 1669 libere
1339 1639 1505 1681 operantis,
1513 1636 1675 1671 secundum
1686 1649 1787 1672 autem

297 1700 361 1721 non
370 1689 411 1721 est
417 1687 539 1721 euidens
548 1684 871 1720 omnibusfiatienalis
879 1685 969 1717 etiam
979 1694 1110 1718 creatura
1119 1684 1212 1716 multa
1222 1684 1366 1727 permittit
1373 1681 1437 1715 fieri
1447 1694 1511 1726 quae
1520 1695 1583 1716 non
1593 1686 1714 1728 proprie
1723 1684 1789 1716 vult

297 1745 355 1767 nec
362 1734 434 1766 facit
445 1745 454 1767 ς
465 1734 551 1766 Deus
559 1742 662 1765 autem
672 1743 734 1766 non
746 1730 784 1764 fic
793 1741 916 1775 propter
923 1730 1127 1763 astuaiitarem
1139 1731 1195 1762 suae
1203 1728 1369 1762 voluntatis
1377 1726 1576 1761 infinitissime
1591 1728 1789 1766 infinitam‚s1·

299 1790 349 1811 cut
358 1789 409 1811 22.
419 1781 506 1822 primi
516 1777 657 1814 docebat,
667 1778 697 1812 ἃ
708 1779 779 1821 quia
787 1777 866 1810 nulla
878 1786 1010 1808 creatura
1021 1775 1117 1818 potest
1125 1774 1236 1818 aliquid
1247 1772 1345 1806 facere
1353 1773 1485 1817 sineipso
1495 1785 1744 1819 coagentc;quare
1754 1781 1786 1808 &

299 1825 436 1862 volente,
446 1823 517 1856 ficut
526 1835 557 1857 2.
568 1823 674 1865 3.&4.
686 1824 717 1855 8.
728 1829 758 1856 8(
768 1835 799 1861 9.
809 1821 899 1867 primi
915 1822 979 1853 satis
990 1821 1165 1853 ostendunt.
1188 1820 1348 1853 Permissio
1365 1822 1466 1862 itaque
1483 1820 1660 1863 generaliter
1668 1818 1784 1864 sumpta

301 1871 341 1902 est
348 1868 483 1913 superior
491 1869 529 1901 ad
541 1868 615 1901 velle
624 1872 654 1902 δέ
662 1878 749 1910 agere
756 1867 885 1911 proprie.
901 1867 1088 1908 Quicunque
1097 1876 1228 1908 namque
1236 1865 1404 1898 voluntarie
1413 1867 1576 1908 quicquam
1585 1868 1658 1910 agit,
1666 1867 1786 1910 permit-

300 1916 382 1952 tit,&
391 1925 455 1947 non
465 1915 480 1946 ὲ
491 1923 597 1946 contra
608 1912 821 1951 vniuersalirer,
835 1911 905 1955 quia
915 1913 1016 1943 nonin
1025 1912 1173 1949 creaturis,
1188 1910 1257 1942 licet
1266 1912 1294 1942 in
1304 1911 1371 1943 Deo
1378 1922 1502 1954 propter
1511 1913 1609 1944 causas
1620 1911 1787 1956 praedi&as;

299 1962 368 1993 Icos
377 1971 462 1997 vero,
471 1969 504 1992 vt
512 1959 596 1996 dicit,
606 1960 645 1991 est
655 1958 771 2002 fignum
783 1955 953 2002 probabile:
979 1956 1075 2000 Qod
1086 1957 1165 1989 enim
1181 1965 1212 1988 vt
1222 1957 1251 1987 in
1263 1956 1396 1999 pluribus
1405 1957 1511 2000 inquit,
1524 1956 1617 1991 sciunt
1625 1956 1663 1989 fic
1673 1956 1788 1990 fastum

300 2006 349 2040 vel
359 2017 422 2038 non
433 2005 559 2042 factum,
569 2015 620 2036 aut
629 2001 684 2037 effe
694 2004 741 2036 vel
751 2015 813 2036 non
823 2000 954 2040 effe,hoc
965 2004 1005 2034 est
1014 2003 1092 2035 icos.
1113 2001 1190 2034 Tale
1197 2012 1295 2034 autem
1306 2001 1422 2045 signum
1431 2002 1593 2035 voluntatis
1602 2013 1663 2034 tam
1672 2003 1788 2036 increa-

301 2063 338 2084 εκ
347 2061 436 2095 quam
446 2062 541 2094 create
552 2051 591 2083 est
602 2050 727 2093 triplex:
746 2050 854 2082 scilicet
864 2058 1048 2092 praeceptum
1061 2071 1069 2083 ,
1084 2046 1252 2091 prohibitio
1262 2070 1270 2085 ‚
1285 2048 1316 2081 ὅ(
1326 2045 1495 2081 consilium:
1518 2047 1688 2091 Quodlibet
1703 2050 1787 2081 enim

300 2098 424 2129 istorum
436 2097 476 2129 est
484 2096 602 2140 signum
612 2094 775 2128 volutionis
787 2098 815 2128 in
826 2092 963 2138 quolibet
971 2095 1021 2137 qui
1030 2092 1093 2125 hoc
1102 2093 1181 2125 facin
1191 2103 1253 2125 non
1266 2103 1366 2125 tamen
1378 2092 1708 2129 demonstratiuum,sed
1718 2106 1789 2137 pro-

303 2141 414 2179 babile,
423 2142 453 2177 &
462 2142 530 2175 ideo
538 2141 635 2186 potest
646 2140 756 2178 tallere,
766 2140 796 2175 ὅ(
805 2139 880 2173 fallit
890 2138 1085 2183 quandoque.
1101 2137 1191 2171 Vnde
1201 2144 1231 2172 ὁ(
1242 2138 1328 2170 Deus
1337 2137 1396 2181 ipse
1405 2141 1544 2182 praecepit
1553 2138 1681 2172 Abrahae
1692 2139 1786 2172 filiurn

302 2186 476 2224 immolare3
484 2199 538 2220 nec
547 2198 649 2220 tamen
659 2186 720 2219 hoc
729 2187 832 2225 voluit,
841 2197 873 2218 vt
884 2195 964 2228 patet
974 2185 1052 2216 Gen.
1063 2193 1112 2216 22.
1123 2186 1153 2218 ὅ(
1165 2194 1216 2226 per
1227 2194 1275 2216 10.
1285 2186 1372 2226 primi
1382 2184 1448 2216 libti
1464 2196 1472 2216 τ
1489 2195 1544 2217 nec
1553 2185 1646 2228 potest
1655 2187 1722 2228 quis
1731 2184 1787 2218 fin-

303 2244 373 2277 gere
381 2232 465 2276 quod
475 2244 575 2277 primo
584 2233 645 2265 hoc
657 2232 765 2267 voluit,
774 2231 804 2264 &
821 2232 921 2276 postea
930 2229 1031 2262 noluit
1040 2239 1164 2273 propter
1175 2228 1445 2262 immutabilitatem
1455 2229 1619 2262 voluntatis
1629 2230 1738 2263 diuinae
1746 2240 1784 2270 23

304 2279 392 2322 primi
402 2278 574 2321 probatam.
602 2277 856 2311 Prohibuitetiam
865 2275 986 2309 duobus
995 2277 1080 2308 caecis
1088 2275 1272 2310 illuminatis,
1281 2285 1319 2305 ne
1331 2285 1399 2318 quis
1410 2276 1513 2313 sciret,
1531 2275 1645 2309 Matth.
1657 2288 1688 2314 9.
1706 2276 1787 2308 &le-

305 2323 394 2367 proso
402 2323 561 2360 mundato,
585 2334 622 2356 ne
631 2323 767 2365 cuiquam
779 2322 901 2359 diceret,
916 2321 1012 2353 Marc.
1026 2332 1037 2353 t
1046 2345 1054 2355 .
1070 2332 1123 2353 nec
1134 2331 1233 2353 tamen
1244 2320 1301 2352 hoc
1312 2320 1496 2364 voluit‚quia
1507 2318 1558 2364 ipfi
1566 2320 1706 2354 faciendo
1714 2332 1791 2355 con·

307 2373 432 2401 tranum
443 2381 504 2402 non
514 2368 690 2413 peccabant,
698 2378 730 2399 vt
740 2379 823 2412 patet
833 2367 873 2400 ibi
884 2376 936 2409 per
944 2377 1052 2400 omnes
1061 2367 1226 2399 catholicos
1236 2363 1424 2408 expositores
1432 2390 1442 2402 .
1457 2367 1588 2399 direntes
1598 2367 1696 2400 distos
1705 2378 1789 2400 cura-

307 2425 354 2448 tos
364 2414 441 2448 dista
451 2415 591 2447 miracula
598 2413 787 2447 diffamantes
795 2413 865 2446 ideo
876 2421 940 2444 non
950 2410 1162 2455 peccaffe‚quia
1171 2413 1378 2444 intellexerunt
1388 2413 1486 2444 Deum
1496 2422 1557 2444 non
1570 2411 1637 2445 idco
1648 2412 1789 2456 prohibu-

308 2460 370 2494 isse,
380 2462 451 2502 quin
461 2460 549 2493 vellet
557 2459 604 2492 sua
612 2470 704 2502 opera
712 2458 877 2503 praedicari,
888 2457 935 2490 sed
946 2468 976 2490 νε
985 2457 1163 2490 hominibus
1174 2457 1256 2490 daret
1267 2456 1396 2489 formam
1408 2481 1416 2494 ,
1431 2456 1549 2489 laudem
1566 2457 1726 2490 hominum
1736 2458 1785 2490 de-

309 2506 428 2538 clinare.
446 2504 609 2538 Consuluit
619 2507 709 2536 etiam
720 2503 899 2537 adolescenti
911 2513 944 2535 vt
954 2504 1098 2537 venderet
1106 2515 1173 2547 quae
1184 2501 1362 2540 habebat,&
1371 2501 1468 2544 ipsum
1478 2504 1600 2535 veniens
1608 2502 1786 2547 sequeretur,

309 2549 425 2583 Matth.
436 2561 446 2583 t
456 2562 485 2588 9.
496 2563 549 2583 nec
557 2561 657 2582 tamen
668 2549 730 2582 hoc
737 2550 844 2586 voluit,
853 2560 920 2581 cum
931 2548 991 2580 hoc
1000 2559 1062 2581 non
1070 2548 1172 2581 fecerit
1188 2547 1358 2582 adolescens
1370 2571 1377 2583 ,
1395 2559 1426 2580 vt
1442 2558 1523 2591 patet
1535 2559 1586 2591 per
1602 2548 1786 2582 Matthaeum

127 2606 140 2644 Η
151 2614 206 2635 tum
309 2596 455 2629 adiuneio
466 2597 583 2629 decimo
594 2606 681 2640 primi
690 2594 768 2627 libri.
784 2594 879 2638 Qod
889 2605 989 2627 autem
998 2594 1049 2626 ista
1058 2596 1113 2627 tria
1123 2594 1203 2638 signa
1214 2595 1277 2626 sunt
1287 2592 1453 2637 probabilia
1463 2619 1470 2631 ,
1486 2592 1597 2627 fallacia
1622 2597 1730 2636 litamen
1741 2605 1786 2626 re·

309 2642 410 2685 speetu
419 2641 584 2674 voluntatis
593 2652 707 2679 creatae,
718 2641 815 2674 nullus
823 2643 953 2684 ignorat.
981 2639 1028 2672 Est
1037 2645 1067 2675 δι
1083 2651 1184 2683 quarta
1194 2638 1302 2683 species
1312 2638 1402 2671 huius
1410 2637 1494 2682 signi.
1508 2638 1612 2672 scilicet
1620 2641 1719 2677 icoris,
1743 2651 1787 2673 re-

308 2688 409 2731 spectu
419 2687 580 2721 voluntatis
588 2697 704 2722 creatae,
715 2686 823 2719 scilicet
834 2683 999 2729 permissio:
1018 2685 1067 2717 Est
1075 2690 1154 2717 enirn
1163 2685 1279 2729 signum
1290 2683 1446 2727 probabile
1454 2684 1539 2727 quod
1556 2695 1686 2718 creatura
1695 2687 1787 2718 ratio-

308 2733 383 2765 nalis
391 2732 479 2765 sciens
489 2734 660 2777 quempiam
672 2732 770 2764 facere
781 2733 946 2775 quippiam,
955 2737 984 2764 &
994 2733 1169 2773 permittens
1178 2741 1245 2762 cum
1256 2730 1345 2774 possit
1355 2728 1445 2762 libere
1454 2729 1612 2773 impedire,
1628 2730 1690 2763 hoc
1698 2731 1784 2765 velit3

308 2789 506 2811 veruntamen
515 2777 589 2821 saepe
599 2778 680 2811 fallit.
708 2778 752 2809 Ex
761 2777 807 2809 his
817 2779 906 2821 igitur
915 2775 982 2809 satis
992 2787 1071 2819 patet
1081 2777 1165 2820 quod
1175 2774 1389 2819 permissio,·&
1405 2785 1510 2808 caetera
1526 2773 1607 2819 figna
1623 2776 1785 2809 voluntatis

307 2823 427 2865 diuinae,
434 2824 502 2857 licet
510 2824 642 2858 dicantur
649 2826 813 2868 improprie
821 2822 917 2857 modo
927 2822 1073 2865 praediao
1082 2824 1140 2855 Dei
1150 2822 1301 2860 voluntas,
1310 2831 1374 2854 non
1382 2818 1447 2853 sunt
1456 2831 1554 2855 tamen
1563 2822 1694 2854 increata
1703 2821 1733 2855 ἃ
1741 2824 1786 2854 in·

1667 2868 1787 2900 trinseca

1811 1888 1843 1921 D
