1985 3130
123 146 173 195 C
188 169 212 196 ei
227 167 266 197 Ρ.
296 165 364 202 52.
792 150 866 201 De
888 152 1009 218 ξιτψ
1032 155 1138 206 Dei.
1691 171 1772 236 841

125 249 157 281 Α
184 244 300 282 Potuit,
313 244 388 278 redit
398 244 527 277 eiusdem
540 244 621 277 verbi
632 243 805 286 praedi'catio
816 254 825 277 ς
836 242 966 277 [imiliter
974 245 1061 279 huius
1070 246 1166 285 verbi,
1175 249 1272 284 Poffet
1281 267 1293 291 ς
1309 254 1354 287 vel
1362 258 1455 298 p0test
1464 257 1527 291 haec
1536 261 1681 304 praedjca-

180 292 223 322 tio
233 290 331 323 redire
343 293 424 334 (uper
433 287 530 332 ipsum
539 289 764 322 consideratum
774 291 804 320 in
813 291 930 322 ratione
940 294 1058 334 agentis
1068 304 1162 326 vnum
1174 298 1386 340 oppofirorurn
1406 315 1416 340 ς
1431 309 1461 336 st
1471 304 1509 337 fic
1517 309 1556 339 est
1567 308 1678 352 :mpoc

178 335 261 368 sibile
271 334 366 380 ipsum
377 347 437 369 non
448 335 524 368 velle
533 335 616 379 quod
627 335 698 371 vult,
716 334 762 367 vel
772 346 835 365 non
846 337 918 367 scire
928 339 1011 380 quod
1022 336 1092 371 scire
1117 339 1167 371 Est
1185 353 1264 374 enim
1275 346 1306 377 in
1314 347 1372 378 Dei
1390 358 1493 383 natura
1502 353 1586 396 polle
1594 355 1631 386 ad
1642 365 1678 386 v.

178 393 330 426 trumque,
341 382 425 426 quod
436 381 584 414 causaliter
594 380 735 424 praecedit
746 390 922 424 Vtrumque,
933 384 981 415 led
992 384 1076 425 super
1084 384 1180 427 ipsum
1188 398 1280 430 agens
1290 391 1416 424 alterum
1429 419 1438 433 ,
1450 408 1516 430 cum
1525 399 1559 432 fit
1568 401 1675 433 immu.

176 427 288 467 tabilis,
299 438 360 459 non
372 427 411 461 est
418 428 501 472 poffe
510 427 547 460 ad
557 425 734 470 oppositum
744 427 804 458 eius
814 427 898 470 quod
908 428 938 458 in
949 431 1016 462 astu
1027 431 1075 461 est,
1098 431 1269 467 sicutenim
1279 435 1442 472 secundum
1453 441 1672 480 distinCtionem

173 473 310 506 Anselmi
321 472 411 506 libera
421 474 562 507 voluntas
571 472 717 507 hominis,
729 471 778 503 vbi
789 471 872 514 porse
879 475 1020 514 praeccdit
1030 477 1235 518 temporaliter
1242 481 1355 518 aslum,
1366 488 1463 527 poiest
1472 500 1534 522 non
1546 492 1632 529 velle,
1640 497 1672 525 «Sc

175 530 240 551 non
252 522 349 563 potest
359 530 423 551 non
433 519 519 555 velle,
538 518 586 552 ted
598 518 710 550 neceffe
719 519 758 550 cst
769 528 835 548 eam
853 518 927 550 velle
943 529 951 552 ς
980 520 1078 552 Potest
1095 533 1225 566 namque
1238 537 1301 559 non
1319 530 1394 562 velle
1407 542 1571 579 antequam
1588 539 1671 576 velit,

173 576 242 608 quia
253 564 343 598 libem
352 566 405 603 est,
416 566 446 600 ἃ
455 576 523 596 cum
533 566 592 596 iam
604 564 680 603 vult,
705 574 768 595 non
778 564 870 605 petest
881 575 944 595 non
956 567 1041 603 velle,
1051 564 1174 613 sedeam
1182 570 1259 603 velle
1268 575 1380 606 neccsse
1389 578 1441 614 cst,
1459 591 1607 622 quomam
1618 595 1672 616 tm-

172 610 314 653 possibile
323 611 362 643 est
373 611 414 643 illi
422 610 459 643 ad
469 609 566 655 ipsum
578 609 663 642 fimul
674 616 704 643 sc
714 610 791 641 velle
801 611 831 642 ὁ(
841 620 902 641 non
915 610 990 642 velle
1001 623 1009 646 ε
1033 615 1082 644 ,Sic
1092 615 1208 648 icrtein
1217 618 1299 657 Deo,
1308 620 1358 653 vbi
1368 633 1430 654 non
1440 627 1478 658 est
1488 627 1585 672 aliqua
1594 641 1670 662 rem-

173 657 282 699 poralis
301 658 455 700 praecelsio
478 656 527 689 sed
548 656 670 688 causalis
680 675 689 689 ‚
713 654 734 686 fi
748 654 920 698 respiciatur
941 657 1001 699 ipsa
1025 659 1083 689 Dei
1100 669 1206 694 natura
1219 673 1283 694 nou
1299 666 1329 696 in
1346 669 1464 702 rarione
1482 675 1589 715 agendi·
1600 700 1610 712 ,
1637 682 1668 709 8(

170 702 464 745 compareturliberae
474 702 624 735 voluntati
635 702 768 733 hominis
783 701 870 749 nudae
881 703 919 733 ab
935 705 1002 735 ac'tu
1013 714 1174 747 antequam
1189 708 1270 746 velit,
1287 721 1391 744 verum
1400 717 1454 747 eiit
1468 718 1581 756 dicere,
1603 721 1668 754 De-

169 758 203 779 us
219 749 315 790 potest
325 760 390 781 non
402 748 475 781 velle
485 748 566 792 quod
576 747 638 780 vult
650 761 659 777 .·
682 748 714 779 Si
731 757 802 779 vero
812 750 982 789 relpiciatur
998 748 1057 792 ipfii
1074 750 1174 782 diuina
1190 764 1294 787 natura
1309 759 1339 788 iii
1354 769 1474 795 ratione
1489 766 1596 798 avendi
1608 791 1616 805 ‚
1636 768 1667 802 ὃ(

110 788 135 820 Β
169 803 363 836 comparetur
379 793 478 827 libetae
497 793 646 826 voluntati
662 792 798 825 hominis
806 803 874 825 cum
891 805 951 825 iam
968 797 1036 826 achi
1054 796 1129 833 vult,
1143 807 1246 831 verum
1256 803 1308 833 erit
1324 802 1433 844 dicere,
1442 796 1540 841 Deuni
1552 811 1666 846 necesse

167 840 206 871 est
219 839 292 872 velle
303 840 387 883 quod
398 840 472 876 vult,
484 840 513 873 ἃ
524 851 586 872 non
597 840 672 872 velle
680 838 766 882 quod
776 849 837 870 non
848 840 911 871 vult
929 852 937 871 :
954 840 1144 882 Impolsibile
1162 845 1201 876 est
1222 856 1302 879 enirn
1318 859 1387 882 eum
1405 863 1467 884 non
1487 856 1563 888 vcllc
1579 858 1664 899 quod

166 885 243 922 vult,
268 887 315 918 vel
325 886 398 919 velle
405 886 489 932 quod
506 897 568 917 non
586 886 660 917 vult.
681 886 784 925 Qam
802 884 1024 917 distinctionem
1042 890 1109 920 tacit
1124 890 1154 919 in
1169 892 1272 922 nostro
1289 893 1372 935 posse
1390 897 1419 930 ὃ(
1436 901 1503 931 astu
1522 913 1664 944 prioritas

165 931 341 974 temporalis
351 931 551 965 liancibidem
568 933 636 964 iacit
651 932 791 973 prioritas
808 930 929 962 causalis
946 937 976 964 ὅ(
996 932 1113 964 iubiecti
1128 933 1214 977 fiiper
1238 940 1323 981 quod
1338 941 1415 973 redit
1430 947 1601 986 ptaedicatjo
1619 951 1662 982 dj-

165 978 259 1014 uersa,
277 976 388 1010 diuersa
400 976 651 1012 consideratione,
669 976 718 1008 sed
728 976 911 1008 manifestior
921 979 959 1009 cst
970 977 1118 1011 distinctio
1129 980 1178 1011 vbi
1188 986 1350 1018 comitatur
1359 990 1499 1029 prioritas
1508 1003 1662 1037 tempora-

162 1023 199 1055 lis
210 1037 216 1053 :
230 1022 283 1055 Per
291 1024 380 1056 talem
389 1034 513 1068 quoque
522 1023 741 1056 dillinstionem
752 1021 1001 1055 conliderationis
1012 1024 1146 1064 subiecit,
1164 1037 1233 1059 cum
1243 1031 1420 1071 praedicatur
1431 1034 1520 1069 Poffc
1529 1038 1566 1070 de
1577 1041 1661 1080 Deo,

162 1069 292 1101 dicimus
301 1070 402 1101 Deum
411 1067 597 1113 possecreare
607 1069 704 1112 plures
715 1069 860 1105 mundos,
868 1070 914 1099 vel
928 1069 1065 1102 infinitos
1075 1072 1222 1111 mundos,
1240 1077 1271 1108 ὅ(
1282 1087 1382 1110 rameii
1391 1081 1486 1122 iplum
1503 1095 1563 1116 non
1574 1088 1660 1129 polle

160 1114 232 1146 hoc.
259 1116 288 1148 Si
298 1117 378 1147 enim
389 1114 627 1158 respiciaturipsa
635 1116 694 1147 Dei
703 1124 855 1151 natura‚1n
865 1113 1019 1146 infinitum
1029 1126 1137 1159 potens
1145 1120 1242 1159 potest
1252 1122 1374 1164 quidem
1386 1124 1445 1158 hoc
1457 1127 1494 1160 de
1503 1134 1639 1172 potentia
1649 1145 1657 1167 ;

160 1159 182 1192 si
193 1171 264 1192 vero
273 1161 443 1203 iplacadem
455 1162 620 1204 respiciatur
628 1171 658 1192 in
668 1160 791 1203 agendis
799 1160 1217 1205 ordinatilsima‚impossibilc
1227 1169 1264 1198 eli
1274 1178 1339 1200 earn
1351 1169 1449 1214 plures
1458 1176 1591 1208 mundos
1600 1190 1659 1210 (se,

159 1217 218 1241 are.
228 1213 257 1239 δι
268 1206 451 1250 impossibile
459 1208 497 1239 est
507 1218 572 1238 eain
585 1207 732 1238 mundum
742 1217 836 1238 viiuni
853 1217 915 1237 non
926 1218 1023 1239 creare
1033 1231 1042 1246 ‚
1069 1219 1168 1240 tamen
1185 1210 1221 1242 de
1231 1215 1293 1243 eius
1302 1219 1437 1256 potentia
1448 1220 1485 1250 eil
1495 1221 1555 1253 hoc
1566 1223 1657 1264 posti-

159 1251 228 1284 bile.
253 1253 394 1285 Similiter
405 1255 506 1294 potuit
515 1255 609 1287 Deus,
622 1262 767 1295 quantuni
777 1253 816 1284 est
827 1251 1020 1294 depotentia,
1037 1254 1120 1286 ahter
1129 1255 1262 1289 liberasse
1272 1259 1432 1294 hominem
1445 1276 1531 1308 quam
1542 1279 1592 1309 per
1600 1268 1653 1308 filii

159 1302 200 1329 iui
211 1309 340 1331 moi-tem
354 1310 362 1332 ς
378 1298 424 1331 led
436 1298 453 1330 li
464 1298 665 1331 consideretur
674 1299 777 1329 omnia
792 1308 881 1339 agens
894 1302 1198 1339 conuenientissime,
1213 1313 1277 1335 nou
1291 1309 1482 1347 potuitalitet
1492 1311 1652 1348 hominem

98 1348 130 1380 C
155 1344 290 1376 liberasse
300 1357 307 1375 :
319 1344 410 1376 Vnde
421 1344 602 1386 Augustinus
612 1344 682 1375 dicit
691 1344 772 1386 quod
780 1344 865 1375 aliter
873 1354 973 1386 potuit
982 1344 1133 1379 iibetass‘e;
1151 1345 1311 1381 Anselmus
1323 1363 1394 1385 vero
1403 1379 1414 1393 ,
1432 1359 1517 1400 quod
1529 1371 1588 1391 non
1600 1372 1653 1403 po-

156 1400 210 1421 tuit
219 1389 303 1422 aliter
311 1388 455 1428 liberasse,
465 1394 495 1423 ὁ(
505 1389 634 1422 similiter
643 1390 728 1422 multi
738 1390 785 1425 :ilij
798 1389 940 1438 AntoreS.
963 1391 1001 1422 Et
1019 1392 1057 1422 ad
1075 1403 1133 1423 iam
1143 1394 1292 1426 dictorum
1306 1399 1490 1433 euidentiam
1501 1416 1652 1447 ponamus

154 1434 282 1468 liberum
298 1435 455 1468 arbitrium
463 1447 598 1467 creatum
607 1446 669 1467 non
681 1438 762 1480 prius
777 1436 832 1468 efle
849 1447 939 1478 quam
949 1439 1017 1469 ac‘tu
1027 1438 1096 1470 velit
1106 1438 1218 1482 aliquid
1229 1443 1320 1482 rede,
1338 1445 1385 1477 vel
1395 1458 1457 1480 non
1466 1451 1558 1488 reite,
1578 1451 1650 1486 licut

153 1480 233 1514 forte
244 1479 300 1513 fuir
309 1480 432 1514 liberum
440 1479 593 1515 arbitrium
604 1482 715 1524 Angeli
725 1482 755 1516 ὅ(
764 1483 852 1523 primi
860 1483 1009 1515 nominis:
1028 1484 1145 1516 Nonne
1154 1486 1318 1519 iecuiiduni
1330 1488 1391 1522 hoc
1401 1492 1538 1536 Angelus
1549 1521 1559 1534 ‚
1579 1510 1650 1531 cnm

153 1528 209 1559 fuit
221 1527 306 1558 fimul
315 1539 384 1559 cum
394 1539 495 1572 primo
505 1529 571 1561 ῑιᾶυ
582 1527 736 1566 existendi,
751 1527 847 1560 voluit
855 1528 922 1559 aClti
934 1528 1057 1561 volendi
1065 1531 1177 1574 aliquid
1186 1531 1263 1563 bene
1273 1535 1319 1566 vel
1328 1535 1418 1574 male,
1428 1551 1532 1581 vtpotc
1540 1544 1650 1577 Gabri-

152 1573 301 1618 elaliquid
310 1572 396 1611 bene.
407 1574 644 1618 Luciferaliqnid
654 1573 733 1606 male
745 1598 754 1613 ,
771 1580 800 1606 ὅ(
812 1585 840 1605 in
850 1575 1102 1618 vtriulquelibera
1110 1578 1258 1620 poicstate
1267 1578 1415 1625 fuitqiiod
1435 1586 1540 1623 voluit,
1566 1590 1595 1623 ὅ(
1614 1603 1648 1621 v-

152 1630 258 1663 terque
266 1618 382 1662 potuitll
392 1618 503 1663 noluff
510 1618 686 1664 oppositum
695 1621 758 1652 eius
765 1620 847 1662 quod
858 1621 973 1652 voluit?
994 1621 1143 1664 Alioquin
1154 1624 1266 1656 net-iste
1275 1626 1503 1665 latidabilis,nec
1514 1634 1562 1666 illc
1575 1637 1647 1669 vitu·
1667 1639 1681 1678 Η
1691 1640 1804 1671 voluisse

151 1664 304 1709 patibilis,
319 1677 373 1698 nec
382 1665 666 1702 libertatematbitrii
683 1664 862 1699 habuiitent.
898 1666 1176 1710 intelligaturetiam
1184 1680 1291 1702 eorum
1308 1674 1399 1707 status
1414 1676 1497 1710 iuiss'e
1509 1678 1645 1722 limplcx.

151 1711 468 1744 icilicetinstantancus
477 1712 522 1744 vel
533 1723 658 1745 :eternus
676 1722 684 1745 5
703 1713 821 1745 Nonne
831 1711 1068 1746 iimulcumastu
1079 1725 1165 1746 vuius
1181 1716 1393 1759 oppositorum
1404 1720 1547 1757 habuisset
1558 1728 1586 1758 in
1597 1739 1646 1760 eo-

150 1757 220 1790 dem
230 1757 402 1790 indiuifibili
412 1768 535 1801 Vterque
543 1758 626 1802 poffe
635 1758 674 1791 ad
683 1759 784 1791 {ustum
793 1757 982 1802 oppoliturn,
996 1759 1026 1793 6<
1037 1771 1105 1792 vera
1113 1759 1180 1793 esset
1192 1764 1254 1794 talis
1265 1765 1441 1807 praedicati'o
1451 1769 1488 1801 de
1499 1782 1642 1816 Vtroque,

151 1803 206 1836 Iste
215 1804 312 1846 potest
321 1804 397 1836 velle
407 1802 579 1848 oppositum
589 1807 651 1837 eius
660 1803 743 1848 quod
754 1805 815 1836 vult
826 1804 871 1837 vel
879 1816 943 1837 non
954 1806 1030 1837 velle
1040 1807 1120 1850 quod
1131 1807 1192 1839 vult
1201 1832 1210 1847 ,
1226 1809 1246 1840 ii
1262 1811 1362 1844 redeat
1377 1815 1549 1855 praedicatio
1559 1819 1644 1862 [uper

151 1860 286 1881 naturam
296 1849 393 1882 libera:
401 1849 567 1884 voluntatis
575 1851 656 1884 nude
666 1850 884 1883 consideratam
895 1849 953 1883 sine
961 1855 1029 1884 :istu
1039 1856 1092 1884 luo
1110 1860 1118 1883 ἓ
1138 1853 1176 1886 Et
1190 1858 1261 1897 quia
1276 1856 1314 1888 de
1323 1859 1352 1890 vi
1363 1861 1509 1894 [ermonis
1519 1861 1555 1894 sic
1564 1865 1642 1898 redit

90 1899 122 1930 D
149 1895 323 1937 praedicatio
331 1906 400 1928 cum
411 1894 469 1927 hoc
480 1896 575 1929 verbo
586 1897 702 1935 Potuit,
713 1897 759 1928 vel
770 1894 986 1932 Poffet‚01nnis
997 1901 1114 1931 animus
1124 1898 1221 1931 statim
1233 1903 1453 1945 concipithanc
1460 1908 1515 1939 effe
1527 1919 1642 1949 veram,

148 1941 272 1974 Primus
280 1942 415 1985 Angelus
427 1942 520 1974 statim
532 1940 617 1974 simul
626 1954 694 1974 cuin
706 1942 880 1985 primofuit5
896 1945 926 1977 ὅ(
935 1943 996 1975 hoc
1006 1945 1122 1983 voluit,
1136 1948 1239 1988 potuit
1248 1948 1292 1979 vel
1305 1950 1400 1991 posset
1411 1951 1472 1984 hoc
1481 1954 1559 1986 idem
1575 1967 1639 1989 non

146 1985 292 2020 voluiss'm
309 1989 416 2031 &quia
426 1987 552 2019 verbum
567 1986 692 2031 praesens
701 1990 796 2031 magis
815 1990 852 2020 de
868 1987 918 2020 vsu
934 1992 1079 2022 sermonis
1096 1992 1171 2024 redit
1187 1994 1272 2036 [uper
1289 1995 1455 2029 iubiestum
1475 1999 1638 2034 secundum

146 2031 372 2067 dispositionem
382 2044 471 2076 quam
480 2036 546 2066 astu
564 2034 671 2072 habet,
694 2036 916 2067 animtisltatim
926 2037 1020 2078 magis
1029 2037 1309 2079 concipithaiiccssc
1317 2041 1432 2080 falsam,
1452 2045 1555 2078 Potest
1573 2058 1635 2079 non

143 2079 219 2111 velle
231 2079 312 2120 quod
324 2079 400 2117 vult,
411 2079 429 2110 si
440 2079 611 2113 inditiifibili
622 2081 695 2117 vult,
709 2079 977 2123 sicutpolitirmest.
1003 2082 1189 2122 Qii'&infra
1199 2085 1346 2118 soluendo
1364 2100 1576 2132 argumentum
1592 2105 1631 2126 re-
1655 2097 1777 2126 Lincolm'-

145 2127 267 2157 citatum
278 2126 421 2167 superius,
431 2126 470 2158 ita
479 2125 589 2159 scribit;
603 2126 684 2159 Patet
693 2137 791 2169 itaque
799 2126 879 2169 quod
890 2127 962 2158 illud
973 2128 1056 2169 quod
1067 2130 1234 2166 estmecesle
1243 2132 1281 2162 est
1292 2131 1347 2165 effe
1357 2135 1428 2166 dum
1439 2138 1523 2173 effi&
1533 2148 1635 2171 tamen
1656 2138 1720 2173 ensis.

144 2182 208 2204 non
223 2172 438 2207 incontieniens
456 2195 465 2208 ‚
489 2171 535 2203 ted
552 2171 638 2204 alicui
654 2174 692 2205 est
709 2171 898 2204 neceisarium
916 2184 945 2203 in
957 2173 1066 2204 eodeni
1084 2173 1251 2207 iiidiuilibili
1261 2178 1316 2209 esic
1325 2181 1406 2221 polle
1415 2181 1451 2212 ad
1461 2182 1635 2225 oppolitum

143 2216 297 2260 eiusquod
307 2218 345 2249 est
355 2241 365 2255 ‚
391 2216 462 2250 sicut
471 2217 591 2250 indisto
599 2217 744 2263 exemplo
754 2218 790 2250 de
806 2219 930 2261 Angelo
943 2243 950 2256 ‚
976 2225 1005 2250 δε
1017 2219 1101 2261 quod
1111 2230 1175 2251 non
1186 2221 1261 2252 redit
1272 2225 1444 2265 predicatio
1455 2227 1635 2263 necessitatis

143 2261 174 2295 ὃ(
184 2261 384 2304 possibilitatis
392 2261 524 2306 oppofiri
540 2261 624 2306 super
641 2263 812 2308 simpliciter
826 2264 906 2296 idem
920 2269 949 2298 ὅ(
963 2265 1073 2296 eodem
1091 2265 1191 2297 modo
1203 2268 1437 2304 conlideratum.
1461 2274 1634 2308 Secundum

142 2306 225 2340 hunc
234 2310 324 2351 igitur
337 2308 519 2341 intellestiim
537 2319 612 2351 puto
621 2307 837 2342 rationabiliter
845 2309 924 2352 posse
933 2321 1043 2353 exponi
1054 2311 1132 2343 dista
1149 2312 1317 2346 Lumbardi
1328 2327 1357 2347 in
1369 2320 1552 2351 contrarium
1563 2321 1633 2352 :ille-

166 2364 214 2384 ata
225 2376 233 2390 ,
263 2353 362 2398 sicque
383 2352 483 2398 ipsum
505 2356 535 2386 in
555 2353 695 2387 similibus
718 2356 858 2399 intelligit
882 2355 1035 2389 Robertus
1059 2357 1278 2392 Lincolnicnns
1300 2360 1337 2393 de
1354 2362 1447 2395 libero
1463 2364 1584 2397 arbitrio
1599 2379 1632 2407 7.

173 2399 368 2443 st‚inquiens‚
379 2402 408 2430 in
419 2400 489 2432 Deo
499 2410 643 2433 aeternum
655 2401 748 2445 polle,
772 2412 803 2433 vr
814 2402 872 2433 line
881 2404 968 2434 initio
979 2413 1039 2434 iion
1048 2402 1222 2436 scieritillud
1233 2406 1317 2447 quod
1328 2405 1377 2440 scit
1388 2410 1482 2441 ;vnde
1492 2411 1633 2454 Magister

89 2450 112 2482 E
144 2446 174 2477 in
185 2444 348 2485 sententiis,
369 2447 453 2478 Deus
462 2448 562 2487 potuit
572 2447 652 2478 nulla
661 2447 779 2486 cre-affe,
805 2448 835 2481 ὃ(
852 2451 890 2480 ira
900 2449 979 2481 nulla
989 2459 1083 2480 creata
1100 2449 1272 2492 sraesciuiss'e
1290 2466 1296 2483 :
1314 2453 1488 2498 haberergo
1500 2467 1633 2498 porenti-

143 2501 192 2522 arri
203 2502 234 2523 vt
245 2501 399 2535 nunquam
409 2491 540 2526 creaffet,
549 2498 578 2524 Sc
589 2504 739 2536 nunquam
749 2492 870 2525 sciuislet
881 2495 974 2526 multa
986 2505 1054 2537 qtiae
1064 2498 1172 2528 creauit
1182 2501 1211 2527 δ(
1220 2499 1317 2535 lciuir3
1335 2499 1448 2531 Exhoc
1456 2511 1559 2545 Vtique
1569 2503 1631 2543 pos-

143 2535 172 2567 se
182 2535 263 2580 quod
272 2538 312 2569 est
322 2536 358 2570 ad
368 2548 525 2581 Vtrumque
534 2537 747 2582 oppofitorum
760 2563 768 2575 ‚
785 2537 891 2571 scilicet
903 2538 981 2572 scisse
989 2563 1000 2578 ‚
1018 2541 1047 2573 ὃ(
1057 2551 1118 2573 non
1134 2538 1211 2573 sciffe
1221 2541 1278 2574 sine
1289 2545 1375 2576 initio
1391 2542 1522 2589 [equitur
1532 2560 1629 2583 tetum

143 2584 359 2625 contingentia.
369 2582 463 2616 Hunc
471 2585 560 2615 etiam
571 2583 752 2617 intellectum
761 2583 851 2617 verba
862 2585 952 2629 ipfius
962 2587 1135 2628 exprimunt
1144 2588 1308 2622 euidenter.
1335 2589 1423 2622 Primi
1432 2603 1562 2636 namque
1570 2594 1632 2627 scn-
1650 2608 1814 2641 Lumbzrdus.

142 2638 301 2661 tentiarurn
311 2628 528 2662 dist.tricefima
538 2640 619 2662 nona
630 2628 667 2662 fic
675 2632 715 2661 ait
724 2653 732 2667 ,
757 2631 838 2662 Sicut
849 2642 910 2662 non
921 2632 1015 2675 potest
1024 2633 1126 2675 augeri
1135 2633 1180 2664 vel
1197 2636 1291 2667 minui
1307 2635 1410 2669 diuina
1426 2635 1548 2671 essentia
1560 2664 1567 2676 ‚
1591 2643 1631 2675 ita

141 2685 195 2706 nec
206 2674 309 2706 diuina
318 2673 486 2713 scientia,&
496 2685 596 2708 tamen
607 2675 782 2708 conceditur
796 2674 875 2718 posse
891 2678 962 2709 [circ
974 2677 1058 2721 quod
1075 2689 1136 2709 non
1154 2676 1205 2711 scit
1215 2702 1222 2715 .
1246 2680 1277 2712 ὅ(
1293 2682 1376 2723 posse
1391 2694 1452 2715 noii
1469 2686 1631 2728 icii‘equod

140 2720 212 2757 scit,
229 2721 297 2762 quia
307 2717 401 2763 posset
409 2720 519 2764 aliquid
530 2718 585 2753 effe
595 2719 759 2754 subiectum
777 2723 838 2754 eius
856 2723 983 2754 scientiae
999 2723 1080 2765 quod
1101 2733 1164 2756 non
1181 2726 1221 2757 est
1235 2749 1242 2761 ‚
1267 2727 1296 2760 ὅ(
1311 2725 1402 2769 posset
1415 2740 1476 2761 non
1494 2729 1549 2763 effe
1564 2730 1631 2764 sub-

139 2766 251 2797 iestum
266 2765 378 2810 aliquid
395 2766 481 2808 quod
500 2768 540 2798 est
554 2789 561 2802 ‚
587 2765 645 2799 sine
661 2769 881 2806 permutatione
896 2768 987 2811 ipsius
1000 2769 1137 2802 i'cientiae.
1162 2769 1422 2815 Poss'e,inquit‚&
1438 2774 1550 2816 possem
1566 2789 1629 2819 quae

141 2809 308 2842 secundum
322 2810 524 2854 expolitiones
543 2810 701 2855 ptaemiffas
717 2811 883 2856 significant
899 2816 1066 2855 potentiam
1087 2816 1317 2850 contraditstorit‘·
1332 2818 1464 2855 liberam,
1483 2832 1630 2864 quatenus

140 2856 278 2899 praecedit
292 2858 464 2890 naturaliter
482 2857 530 2890 seu
549 2856 835 2891 causaliterliberum
859 2860 959 2893 astum
971 2858 1071 2898 suum,
1093 2860 1151 2892 fiue
1168 2865 1339 2904 potentiam
1356 2864 1437 2898 nude
1453 2866 1629 2901 &absolute

1077 2906 1102 2939 Β
1114 2905 1132 2938 b
1142 2907 1161 2940 b
1172 2906 1191 2940 b
1401 2912 1628 2953 consideratam,
