1985 3130
139 160 190 211 C
203 181 284 212 Ap,
305 179 384 227 27,
786 155 860 206 De
883 154 1005 219 Caufis
1026 155 1132 205 Dei.
1686 159 1777 218 567

139 258 170 291 A
198 258 324 293 trinseca
333 259 396 291 eius
403 251 611 293 voluntas,sed
620 249 688 285 sunt
696 250 778 295 ligna
784 260 881 282 creata
887 249 966 282 illius
978 261 986 282 τ
997 248 1028 284 ἃ
1037 247 1101 281 haec
1108 249 1148 282 est
1155 248 1296 282 sententia
1305 248 1450 292 Hugonis
1468 249 1509 293 ἃ,
1518 246 1687 281 Lumbardi

196 304 311 338 inlocis
318 302 447 347 superius
455 299 642 334 memoratis.
667 296 743 330 Haec
751 306 852 328 autem
865 293 945 339 figna
959 304 1055 328 creata
1062 305 1126 328 non
1141 306 1198 339 pro
1222 295 1262 328 rie
1271 300 1301 330 δι
1316 294 1494 328 sufficienter
1507 293 1684 328 coefficiunt

196 352 298 384 astum
308 349 467 383 voluntatis
474 356 590 383 creatae,
600 342 671 376 ficut
680 354 737 375 nec
743 341 867 375 alicuius
874 342 993 374 alterius
1002 350 1147 374 creaturae
1155 365 1165 380 ‚
1187 306 1236 374 sgd
1243 351 1350 385 praeter
1360 340 1408 373 illa
1417 338 1579 374 necessario
1585 341 1684 384 requi·

195 396 269 428 ritur
276 395 427 439 Deusipse
434 394 485 439 qui
493 401 546 436 pet
554 390 582 424 se
590 390 713 434 proprie
723 387 876 421 coefficiat
882 387 967 419 illum
976 388 1090 425 astum,
1107 384 1176 420 ficut
1186 396 1216 427 3.
1233 387 1265 421 ὅ(
1276 397 1310 429 4.
1320 387 1427 431 primi,
1439 385 1472 420 ὅ(
1490 397 1544 420 zo.
1560 385 1683 419 secundi

197 439 366 476 docebaris
377 441 409 477 ὅ(
416 439 478 473 hoc
485 448 538 483 per
544 437 624 470 suam
633 434 822 468 voluntatem
831 438 862 464 ec
870 432 1063 466 volutionem
1073 429 1125 464 fibi
1138 430 1326 465 intrinsecam
1335 455 1346 469 ,
1359 434 1523 465 increatam
1533 457 1542 471 ‚
1554 442 1586 465 vt
1601 442 1683 476 patet

196 497 251 530 per
260 487 290 521 8.
300 487 331 522 δι
342 498 373 525 9.
384 485 491 531 primi,
506 490 537 518 ει
547 480 804 527 percorollarium
814 477 964 511 20¹.huius
975 475 1105 511 secundi.
1123 478 1231 517 Quare
1239 477 1270 512 &
1278 476 1403 522 vbique,
1411 489 1481 512 cum
1492 479 1563 511 dico
1574 476 1683 522 simpli-

197 534 272 566 citer
279 532 418 566 voluntas
425 532 496 568 Dei,
503 528 640 573 intelligo
647 529 710 560 eius
718 526 909 559 volutionem
918 524 1084 564 aQualem,
1091 525 1191 557 astum
1201 523 1308 556 scilicet
1316 528 1346 559 ὃ(
1354 526 1527 568 proprium,
1538 530 1568 557 Sc
1578 525 1683 556 intrin—

197 575 300 612 secum
309 578 473 612 voluntatis
481 573 572 621 ipsius
580 576 680 618 primo
687 572 786 606 modo
795 580 928 616 accepte.

663 700 869 753 CAP.
942 698 1230 751 XXVII.

142 800 168 835 Β
757 788 790 835 S
788 801 920 836 extam
931 788 1107 856 corrigit.

431 886 448 901 Ἦ
484 858 586 892 Ltima
594 855 669 890 vero
678 856 833 892 cauillatio
842 856 1052 901 praedi&arum
1062 855 1226 890 destruetur
1235 854 1358 889 faciliter
1368 879 1376 892 ,
1395 867 1449 900 per
1457 867 1521 901 quae
1530 857 1648 901 priores
1655 869 1688 890 a·

345 936 354 943 ,
500 904 546 937 11·ae
556 901 623 936 sunt
629 902 798 936 destru&ae.
827 903 907 936 Item
916 905 1016 936 omnis
1027 904 1108 936 astus
1119 902 1215 934 malus
1225 902 1387 935 secundum
1403 901 1594 936 substantiam
1603 904 1688 938 :ustus

321 946 332 953 ⁹
367 979 375 989 ,
501 949 688 983 essentialiter
694 950 734 983 est
741 948 866 995 aliquid,
875 947 950 982 ficut
959 947 1070 982 bonus:
1098 949 1194 982 Astus
1203 950 1283 980 enirn
1293 946 1505 982 fornicationis
1513 961 1575 982 non
1586 951 1689 983 minus

502 997 543 1029 est
551 994 676 1041 aliquid,
686 1006 775 1038 quam
785 994 976 1028 aauslicims
986 995 1154 1039 coniugalis
1163 1018 1172 1030 ‚
1191 992 1263 1026 ficut
1270 992 1424 1027 euidenter
1433 995 1689 1039 ostenduntargu-

502 1051 606 1074 menta
614 1051 666 1084 per
673 1039 875 1086 scloquentia,
886 1042 917 1077 ὅ(
925 1039 1184 1085 gradientia—super
1192 1050 1309 1073 terram.
1326 1039 1418 1073 Vnde
1434 1045 1464 1076 δι
1479 1041 1640 1074 Anselmus
1648 1041 1687 1074 de
1706 1036 1845 1074 hfilw-

344 1094 358 1109 ⁴³
404 1089 456 1129 9⁷:
504 1086 573 1120 casu
582 1085 709 1121 Diaboli
721 1088 749 1120 8.
760 1086 921 1120 ostendens
932 1086 1059 1120 eandem
1069 1084 1309 1125 conclusionem,
1328 1083 1365 1117 sic
1374 1088 1413 1119 ait
1428 1100 1439 1124 ς
1455 1087 1594 1131 Denique
1602 1086 1687 1119 bona

404 1126 418 1136 ⁹
504 1132 648 1168 voluntas
656 1143 720 1165 non
730 1137 829 1177 magis
837 1134 878 1166 est
888 1132 1000 1177 aliquid
1010 1158 1017 1169 .
1032 1133 1125 1177 quam
1143 1131 1221 1164 mala
1235 1131 1374 1164 voluntas
1391 1144 1399 1163 τ
1419 1132 1487 1164 Nec
1495 1134 1577 1166 enim
1587 1137 1686 1177 magis

196 1177 239 1210 est
247 1175 361 1220 aliquid
370 1176 509 1211 voluntas
518 1190 585 1223 quae
596 1178 660 1213 vult
669 1177 739 1212 dare
748 1177 988 1215 misericorditer,
997 1181 1092 1222 quam
1101 1178 1148 1212 illa
1156 1188 1222 1221 quae
1231 1177 1295 1210 vult
1303 1187 1406 1221 rapere
1415 1178 1570 1213 violenter.
1604 1181 1687 1212 Om-

196 1224 244 1256 nis
253 1233 327 1267 ergo
336 1224 418 1256 aetus
427 1222 525 1256 malus
532 1224 693 1258 secundum
703 1224 892 1259 substantiam
900 1225 983 1257 actus
991 1225 1144 1269 aequaliter
1151 1222 1279 1257 efficitur
1287 1221 1357 1257 sicut
1367 1223 1465 1257 bonus
1477 1248 1486 1261 ‚
1500 1235 1592 1268 quare
1606 1226 1638 1258 ὁ(
1648 1237 1688 1258 :e-

196 1268 325 1315 qualiter
333 1266 422 1302 habet
431 1271 550 1303 causam
558 1269 751 1309 efficientem,
761 1281 826 1314 quae
835 1268 999 1304 necessario
1008 1269 1207 1304 coefficiemia
1217 1270 1275 1302 Dei
1283 1280 1359 1311 eget.
1392 1271 1474 1303 Deus
1484 1281 1557 1315 ergo
1573 1281 1644 1304 vere
1657 1271 1689 1306 ὅ(

197 1316 319 1360 proprie
326 1313 420 1349 efficit
427 1315 592 1360 quemlibet
599 1318 698 1350 astum
707 1317 834 1354 malurn,
841 1316 1002 1350 secundum
1009 1313 1197 1349 substantiam
1213 1316 1261 1347 seu
1271 1314 1424 1349 essentiam
1433 1327 1539 1360 puram
1548 1319 1640 1354 astuS.
1657 1316 1689 1350 si-
1760 1355 1763 1357 ,
1787 1354 1792 1359 .

140 1352 172 1386 C
196 1371 248 1394 cut
258 1371 309 1392 ιο.
317 1361 348 1396 ἃ
355 1371 372 1392 2
381 1370 407 1403 5.
417 1359 508 1395 huius
525 1361 642 1396 secundi
658 1362 777 1405 plenius
793 1361 965 1396 suadebant.
990 1363 1065 1394 Item
1081 1362 1263 1395 Williamus
1278 1362 1541 1395 Altissiodorenfis
1554 1361 1641 1406 super
1654 1374 1672 1396 ι
1679 1387 1687 1395 .
1708 1351 1847 1389 Alnsmdo-

196 1404 322 1440 sentent.
332 1408 436 1450 quaetit
447 1418 548 1440 vtrum
558 1408 635 1442 mala
644 1410 724 1442 astro
733 1407 783 1442 fiat
795 1410 811 1441 ὲ
820 1409 891 1441 Deo
901 1419 1047 1451 operante
1056 1408 1087 1442 ὅ(
1095 1418 1292 1451 cooperante,
1302 1407 1332 1441 ἃ
1341 1409 1442 1441 recitat
1450 1419 1507 1441 tres
1516 1410 1690 1451 opiniones;
1707 1395 1783 1427 ΜΨ

198 1463 328 1497 quarum
337 1453 442 1486 Prima
457 1452 532 1487 dicit
544 1454 630 1499 quod
646 1455 746 1487 omnis
764 1456 844 1488 afflo
860 1454 937 1488 mala
950 1454 990 1487 est
1005 1464 1124 1487 tantum
1140 1453 1178 1487 ab
1194 1452 1322 1486 homine
1330 1478 1339 1491 ,
1364 1455 1411 1487 vel
1429 1454 1446 1486 ὲ
1462 1455 1597 1487 Diabolo
1616 1467 1624 1487 ε
1641 1456 1692 1488 Se-

196 1498 296 1531 cunda
314 1499 400 1543 ponit
408 1521 419 1537 ,
446 1500 530 1543 quod
548 1502 650 1534 omnis
664 1500 745 1534 afflo
761 1502 841 1533 mala
856 1501 897 1533 est
915 1501 932 1532 a
948 1501 1019 1533 Deo
1033 1523 1041 1537 ‚
1054 1511 1091 1533 eo
1100 1498 1185 1545 quod
1200 1499 1399 1532 solummodo
1414 1501 1498 1533 Deus
1513 1500 1565 1533 dat
1581 1511 1692 1545 poten-

194 1546 269 1577 tiam
280 1543 318 1577 ad
325 1543 406 1577 illam
415 1546 618 1578 exercendam
628 1560 637 1583 ς
656 1545 760 1579 Tertia
768 1546 843 1580 vero
853 1557 941 1585 tenet,
951 1545 1037 1590 quod
1044 1547 1147 1578 omnis
1155 1547 1233 1579 astio
1242 1546 1322 1577 mala
1330 1570 1340 1584 ,
1354 1546 1383 1577 in
1394 1557 1539 1589 quantum
1550 1548 1630 1580 actio
1640 1547 1691 1585 est,

197 1589 282 1623 bona
290 1591 378 1629 est‚&
389 1591 406 1623 ὲ
414 1591 485 1624 Deo
497 1602 506 1626 ἱ
516 1603 608 1637 quam
617 1592 648 1625 ὅ(
656 1591 823 1635 reprobatis
830 1593 896 1630 aliis
904 1593 963 1636 ipse
971 1602 1066 1628 tenet.
1084 1590 1335 1625 ficutvicefimum
1344 1591 1432 1625 buius
1447 1592 1565 1626 secundi
1574 1593 1691 1636 plenius

197 1636 350 1680 allegauit.
376 1637 535 1670 Autoritas
544 1649 618 1671 veto
629 1637 787 1671 Geneseos
796 1641 826 1672 in
836 1639 1020 1671 contrarium
1031 1637 1168 1682 allegata,
1177 1648 1238 1670 non
1247 1638 1320 1674 vult,
1327 1638 1409 1682 quod
1419 1641 1525 1671 cuneta
1533 1650 1598 1683 quae
1605 1640 1691 1673 Deus
1710 1640 1723 1655 *
1731 1640 1772 1670 vel
1781 1642 1852 1670 inca-

198 1681 320 1720 fecerat‚
339 1692 424 1716 etant
432 1682 516 1717 valde
525 1682 608 1717 bona
618 1683 779 1718 moraliter.
797 1684 974 1728 Qomodo
984 1693 1117 1728 namque
1125 1685 1299 1721 inanimata,
1315 1683 1331 1699 ·
1347 1684 1394 1716 vel
1411 1684 1597 1718 irrationalia
1606 1695 1690 1719 erant
1710 1684 1790 1721 pacia.

198 1726 283 1761 bona
290 1727 457 1766 moraliter,
465 1740 534 1762 cum
546 1741 608 1763 non
616 1729 672 1762 fint
681 1730 801 1773 capacia
810 1729 953 1763 bonitatis
960 1730 1102 1762 moralis?
1115 1731 1143 1762 C
1147 1731 1236 1762 uncia
1244 1740 1345 1763 tamen
1356 1741 1420 1774 quae
1430 1732 1515 1763 Deus
1524 1731 1641 1770 fecerat,
1659 1743 1690 1763 c-

197 1785 265 1808 rant
274 1774 447 1808 naturaliter
455 1775 541 1808 valde
551 1775 645 1813 bona,
658 1775 696 1809 fic
707 1777 774 1809 sunt
783 1778 903 1810 &airus
911 1775 983 1808 mali
993 1786 1140 1820 quantum
1151 1775 1189 1808 ad
1199 1774 1479 1809 suamsubstamiam
1499 1775 1558 1809 flue
1574 1777 1691 1810 ellenri-

198 1831 248 1853 am
256 1830 346 1865 quam
355 1819 427 1854 facit
435 1822 529 1859 Deus,
538 1833 601 1855 non
612 1832 760 1866 quantum
767 1821 805 1855 ad
813 1822 971 1856 malitiam,
979 1832 1045 1864 quae
1055 1833 1107 1864 per
1118 1827 1168 1855 26.
1181 1824 1270 1866 primi
1281 1822 1355 1853 nihil
1367 1823 1418 1859 est,
1431 1821 1537 1856 &ideo
1548 1834 1601 1855 nec
1612 1822 1692 1857 ficta

199 1867 322 1910 proprie
329 1864 368 1898 ab
377 1865 512 1905 homine,
521 1878 576 1900 nec
584 1867 601 1899 a
610 1869 690 1901 Deo;
699 1870 867 1911 improprie
875 1877 993 1900 tantum
1002 1866 1040 1900 ab
1050 1867 1185 1900 homine.
1207 1867 1258 1898 Ad
1275 1869 1403 1910 primam
1419 1870 1610 1903 autoritatem
1625 1869 1691 1901 Au-

142 1895 175 1928 D
199 1913 307 1955 gustini
315 1911 476 1957 respondet
485 1923 502 1944 2
510 1923 537 1956 ς.
547 1912 636 1947 huius
646 1926 652 1945 =
672 1912 711 1945 ad
727 1912 889 1947 ieci-indam
898 1912 975 1946 vero
983 1919 1015 1946 &c
1025 1913 1094 1947 alias
1101 1912 1170 1947 mles
1180 1913 1277 1957 potest
1286 1912 1458 1957 responderi
1474 1926 1528 1959 per
1544 1915 1626 1949 idem
1634 1937 1644 1953 ,
1659 1916 1690 1950 ot

199 1968 253 2002 per
260 1957 441 1992 tricesimum
452 1970 590 2003 quartum
599 1960 699 2005 primi.

633 2090 683 2140 C
714 2091 763 2139 A
790 2091 841 2141 P.
912 2091 961 2140 X
982 2090 1029 2139 X
1051 2090 1101 2141 V
1125 2090 1141 2140 Ι
1167 2090 1186 2139 Ι
1219 2091 1253 2140 1.

545 2176 696 2240 Ohfficit
703 2193 830 2227 contra
844 2180 1063 2246 wicqfimum
1076 2192 1135 2234 <9⁴
1146 2176 1358 2248 respondet.

502 2274 522 2280 Γ
544 2259 668 2295 Bijcitur
677 2261 767 2291 etiam
779 2269 886 2292 contra
895 2258 1059 2303 capitulum
1070 2257 1244 2293 vicesimum
1254 2260 1307 2292 isto
1325 2258 1431 2292 modo.
1462 2259 1490 2292 Si
1502 2259 1586 2293 Deus
1595 2262 1692 2294 neces-

559 2303 635 2338 sario
646 2306 813 2349 requiratur
820 2304 858 2339 ad
866 2304 1019 2349 agendum
1028 2303 1318 2348 propriequemlibet
1326 2305 1427 2337 aecum
1440 2305 1604 2338 voluntatis
1612 2318 1694 2340 crea-

559 2361 682 2387 tae,cum
692 2351 792 2384 Deum
802 2362 890 2396 agere
899 2363 963 2384 nou
974 2350 1008 2384 fit
1016 2352 1046 2384 in
1055 2351 1198 2394 potestate
1207 2351 1375 2384 voluntatis
1385 2351 1599 2387 crcarae‚nullus
1607 2353 1694 2387 aetus

521 2391 535 2407 '7
559 2397 667 2430 efferin
677 2398 823 2440 potestate
831 2397 921 2434 illius,
932 2408 1007 2441 ergo
1017 2396 1172 2434 necliber,
1192 2407 1248 2427 nec
1264 2394 1326 2440 ipsa
1342 2395 1410 2429 effer
1423 2397 1560 2430 Domina
1570 2399 1693 2431 suorum

520 2452 527 2461 ²
560 2441 876 2476 atluumlibetorum:
895 2454 965 2475 cum
974 2454 1074 2476 tamen
1091 2441 1168 2475 dicat
1183 2440 1386 2485 Philosophus
1404 2451 1434 2482 3.
1448 2442 1519 2475 Eth.
1542 2453 1588 2483 13.
1606 2444 1695 2487 quod

498 2514 517 2531 ᾗ,
560 2488 979 2533 [nostratum]opetationum
988 2491 1005 2521 a
1014 2489 1163 2532 principio
1173 2486 1262 2531 vsque
1271 2488 1308 2518 ad
1318 2487 1411 2520 finem
1422 2486 1538 2520 domini
1548 2489 1694 2529 sumus,&

490 2541 500 2549 ²
523 2531 531 2537 ”
560 2532 735 2568 sententiam
746 2534 872 2568 similem
881 2534 951 2568 alibi
961 2533 1155 2567 multislocis.
1164 2533 1199 2565 Et
1207 2532 1266 2565 hoc
1275 2533 1356 2565 idem
1366 2534 1396 2566 in
1407 2536 1500 2577 prima
1508 2534 1694 2570 institutione

560 2578 722 2613 hominum
731 2580 939 2614 videturetiam
950 2581 1103 2614 Dominus
1116 2580 1254 2611 attestari:
1273 2579 1359 2611 Nam
1369 2577 1522 2612 Geneseos
1532 2590 1642 2622 quarto
1651 2581 1694 2615 le-

206 2626 286 2669 gitur
293 2623 463 2656 Dominum
473 2623 575 2659 dixisse
583 2625 622 2658 ad
632 2627 725 2662 Cain.
743 2627 862 2659 Nonne
871 2625 890 2658 si
900 2625 978 2659 bene
988 2628 1093 2671 egeris,
1101 2626 1244 2668 recipies?
1257 2624 1299 2657 fin
1308 2634 1408 2657 autem
1420 2625 1508 2662 male,
1518 2627 1612 2658 statim
1623 2638 1694 2669 pec-

206 2680 307 2704 eatum
317 2678 401 2702 tuum
410 2670 439 2702 in
451 2668 563 2704 foribus
572 2671 665 2706 aderit
676 2678 685 2702 ἓ
697 2671 746 2705 scd
756 2671 809 2705 sub
820 2683 847 2706 te
855 2674 909 2704 etit
918 2674 1067 2717 appetitus
1076 2672 1137 2705 eius
1147 2695 1156 2709 ,
1172 2677 1202 2703 ει
1212 2681 1241 2702 tu
1252 2668 1459 2704 dominaberis
1472 2670 1561 2703 illius.
1586 2671 1660 2704 Item
1671 2671 1693 2706 fi

206 2715 307 2748 homo
316 2725 380 2747 non
389 2714 484 2760 poffet
494 2716 559 2749 solis
568 2722 699 2761 propriis
709 2717 820 2750 viribus
831 2717 971 2761 perficere
980 2716 1046 2752 suos
1055 2717 1150 2753 asbus,
1160 2715 1363 2751 irrationabile
1370 2715 1520 2750 videretur
1529 2718 1694 2761 quicquam

208 2760 262 2794 fibi·
291 2760 578 2802 raecipereveletiam
588 2763 759 2805 prohibere,
775 2766 844 2808 quia
853 2775 916 2797 non
925 2761 1029 2798 esst-tin
1041 2761 1186 2795 sualibera
1202 2763 1349 2806 potestate
1361 2761 1397 2794 sic
1413 2761 1510 2795 facere
1525 2764 1573 2794 vel
1592 2766 1695 2798 vitare.

208 2809 262 2841 Vn
287 2805 498 2840 eEcclefiastici
510 2817 559 2851 ις.
569 2806 716 2847 scribitur,
725 2811 808 2842 Deus
817 2808 949 2842 abinitio
958 2807 1272 2842 constituithominem
1284 2832 1292 2846 ‚
1306 2812 1335 2843 δι
1344 2807 1462 2851 reliquit
1472 2809 1554 2841 illum
1564 2811 1592 2840 in
1604 2820 1696 2844 manu

208 2850 325 2891 confilii
335 2852 391 2886 sui:
401 2851 656 2889 adiecitmandata
664 2853 695 2888 &
703 2864 872 2901 praecept23
888 2856 920 2889 Si
929 2851 1058 2889 volueris
1065 2853 1204 2932 maiglgtg
1213 2853 1567 2894 seruare,c0nseruabunt
1576 2866 1616 2890 te.
1627 2855 1656 2889 ὅ(
1665 2859 1696 2890 in

1230 2910 1247 2931 2
1512 2911 1698 2946 perpetuum

1715 2829 1852 2866 Ecclqsszss.
