<?xml version="1.0" encoding="UTF-8"?>
<!DOCTYPE html PUBLIC "-//W3C//DTD XHTML 1.0 Transitional//EN"
    "http://www.w3.org/TR/xhtml1/DTD/xhtml1-transitional.dtd">
<html xmlns="http://www.w3.org/1999/xhtml" xml:lang="en" lang="en">
 <head>
  <title>
</title>
<meta http-equiv="Content-Type" content="text/html;charset=utf-8" />
  <meta name='ocr-system' content='tesseract 3.04.00' />
  <meta name='ocr-capabilities' content='ocr_page ocr_carea ocr_par ocr_line ocrx_word'/>
</head>
<body>
  <div class='ocr_page' id='page_1' title='image "./decausadeicontra00braduoft_0728.png"; bbox 0 0 1985 3130; ppageno 0'>
   <div class='ocr_carea' id='block_1_1' title="bbox 213 162 1860 230">
    <p class='ocr_par' dir='ltr' id='par_1_1' title="bbox 213 162 1860 230">
     <span class='ocr_line' id='line_1_1' title="bbox 213 162 1860 230; baseline 0 -15"><span class='ocrx_word' id='word_1_1' title='bbox 213 181 244 224; x_wconf 82' lang='lat'>6</span> <span class='ocrx_word' id='word_1_2' title='bbox 252 176 276 224; x_wconf 86' lang='lat'>8</span> <span class='ocrx_word' id='word_1_3' title='bbox 284 175 308 224; x_wconf 88' lang='lat'>8</span> <span class='ocrx_word' id='word_1_4' title='bbox 853 162 1020 214; x_wconf 77' lang='lat' dir='ltr'>Thomae</span> <span class='ocrx_word' id='word_1_5' title='bbox 1029 162 1313 213; x_wconf 60' lang='lat' dir='ltr'>ssmdwardz&#39;ni</span> <span class='ocrx_word' id='word_1_6' title='bbox 1687 163 1734 213; x_wconf 84' lang='lat' dir='ltr'>L</span> <span class='ocrx_word' id='word_1_7' title='bbox 1748 185 1761 213; x_wconf 93' lang='lat' dir='ltr'>i</span> <span class='ocrx_word' id='word_1_8' title='bbox 1776 185 1860 230; x_wconf 58' lang='grc' dir='ltr'>ιζ.</span> 
     </span>
    </p>
   </div>
   <div class='ocr_carea' id='block_1_2' title="bbox 319 257 1858 631">
    <p class='ocr_par' dir='ltr' id='par_1_2' title="bbox 319 257 1858 350">
     <span class='ocr_line' id='line_1_2' title="bbox 319 257 1858 310; baseline -0.005 -9"><span class='ocrx_word' id='word_1_9' title='bbox 319 267 449 301; x_wconf 90' lang='lat' dir='ltr'>deretur.</span> <span class='ocrx_word' id='word_1_10' title='bbox 476 267 591 310; x_wconf 86' lang='lat' dir='ltr'>Neque</span> <span class='ocrx_word' id='word_1_11' title='bbox 600 260 754 296; x_wconf 80' lang='lat' dir='ltr'>necessitas</span> <span class='ocrx_word' id='word_1_12' title='bbox 765 263 884 305; x_wconf 85' lang='lat' dir='ltr'>penitus</span> <span class='ocrx_word' id='word_1_13' title='bbox 893 258 1029 293; x_wconf 84' lang='lat' dir='ltr'>absoluta</span> <span class='ocrx_word' id='word_1_14' title='bbox 1039 261 1223 303; x_wconf 86' lang='lat' dir='ltr'>compatitur</span> <span class='ocrx_word' id='word_1_15' title='bbox 1232 260 1383 295; x_wconf 87' lang='lat' dir='ltr'>meritum,</span> <span class='ocrx_word' id='word_1_16' title='bbox 1401 259 1470 302; x_wconf 82' lang='lat' dir='ltr'>quia</span> <span class='ocrx_word' id='word_1_17' title='bbox 1478 259 1498 291; x_wconf 85' lang='lat' dir='ltr'>fi</span> <span class='ocrx_word' id='word_1_18' title='bbox 1507 260 1537 291; x_wconf 89' lang='lat' dir='ltr'>in</span> <span class='ocrx_word' id='word_1_19' title='bbox 1547 257 1662 294; x_wconf 71' lang='lat' dir='ltr'>astibus</span> <span class='ocrx_word' id='word_1_20' title='bbox 1668 258 1802 294; x_wconf 77' lang='lat' dir='ltr'>hominis</span> <span class='ocrx_word' id='word_1_21' title='bbox 1827 264 1858 299; x_wconf 79' lang='grc' dir='ltr'>Λ</span> 
     </span>
     <span class='ocr_line' id='line_1_3' title="bbox 319 303 1802 350; baseline -0.007 -4"><span class='ocrx_word' id='word_1_22' title='bbox 319 314 390 346; x_wconf 80' lang='lat' dir='ltr'>effer</span> <span class='ocrx_word' id='word_1_23' title='bbox 400 312 463 345; x_wconf 86' lang='lat' dir='ltr'>talis</span> <span class='ocrx_word' id='word_1_24' title='bbox 474 309 641 347; x_wconf 82' lang='lat' dir='ltr'>necessitas,</span> <span class='ocrx_word' id='word_1_25' title='bbox 651 319 706 341; x_wconf 90' lang='lat' dir='ltr'>nec</span> <span class='ocrx_word' id='word_1_26' title='bbox 715 309 744 339; x_wconf 88' lang='lat' dir='ltr'>in</span> <span class='ocrx_word' id='word_1_27' title='bbox 754 307 831 350; x_wconf 86' lang='lat' dir='ltr'>ipso,</span> <span class='ocrx_word' id='word_1_28' title='bbox 841 308 936 338; x_wconf 87' lang='lat' dir='ltr'>necin</span> <span class='ocrx_word' id='word_1_29' title='bbox 946 307 1015 338; x_wconf 93' lang='lat' dir='ltr'>Deo</span> <span class='ocrx_word' id='word_1_30' title='bbox 1024 306 1094 338; x_wconf 79' lang='lat' dir='ltr'>effer</span> <span class='ocrx_word' id='word_1_31' title='bbox 1103 306 1162 337; x_wconf 85' lang='lat' dir='ltr'>vlla</span> <span class='ocrx_word' id='word_1_32' title='bbox 1172 303 1352 348; x_wconf 82' lang='lat' dir='ltr'>possibilitas</span> <span class='ocrx_word' id='word_1_33' title='bbox 1360 304 1443 337; x_wconf 82' lang='lat' dir='ltr'>aliter</span> <span class='ocrx_word' id='word_1_34' title='bbox 1453 304 1581 339; x_wconf 78' lang='lat' dir='ltr'>faciendi</span> <span class='ocrx_word' id='word_1_35' title='bbox 1591 316 1601 340; x_wconf 64' lang='grc' dir='ltr'><strong>ι</strong></span> <span class='ocrx_word' id='word_1_36' title='bbox 1619 307 1802 350; x_wconf 86' lang='lat' dir='ltr'>quareDeus</span> 
     </span>
    </p>

    <p class='ocr_par' dir='ltr' id='par_1_3' title="bbox 319 349 1804 578">
     <span class='ocr_line' id='line_1_4' title="bbox 319 349 1804 400; baseline -0.005 -8"><span class='ocrx_word' id='word_1_37' title='bbox 319 359 358 391; x_wconf 83' lang='lat' dir='ltr'>fic</span> <span class='ocrx_word' id='word_1_38' title='bbox 367 356 528 392; x_wconf 67' lang='lat' dir='ltr'>necessario</span> <span class='ocrx_word' id='word_1_39' title='bbox 538 366 639 400; x_wconf 85' lang='lat' dir='ltr'>ageret</span> <span class='ocrx_word' id='word_1_40' title='bbox 647 357 730 386; x_wconf 69' lang='lat' dir='ltr'>aetus</span> <span class='ocrx_word' id='word_1_41' title='bbox 741 352 903 389; x_wconf 70' lang='lat' dir='ltr'>humanm,</span> <span class='ocrx_word' id='word_1_42' title='bbox 912 351 942 384; x_wconf 70' lang='grc' dir='ltr'>ὅ(</span> <span class='ocrx_word' id='word_1_43' title='bbox 951 351 1057 383; x_wconf 76' lang='lat' dir='ltr'>eadem</span> <span class='ocrx_word' id='word_1_44' title='bbox 1067 352 1181 383; x_wconf 87' lang='lat' dir='ltr'>ratione</span> <span class='ocrx_word' id='word_1_45' title='bbox 1189 349 1332 395; x_wconf 88' lang='lat' dir='ltr'>quicquid</span> <span class='ocrx_word' id='word_1_46' title='bbox 1341 351 1402 393; x_wconf 81' lang='lat' dir='ltr'>agit</span> <span class='ocrx_word' id='word_1_47' title='bbox 1409 349 1444 382; x_wconf 79' lang='lat' dir='ltr'>ad</span> <span class='ocrx_word' id='word_1_48' title='bbox 1454 362 1557 389; x_wconf 69' lang='lat' dir='ltr'>exii-213</span> <span class='ocrx_word' id='word_1_49' title='bbox 1567 361 1656 395; x_wconf 87' lang='lat' dir='ltr'>quare</span> <span class='ocrx_word' id='word_1_50' title='bbox 1664 362 1725 384; x_wconf 91' lang='lat' dir='ltr'>non</span> <span class='ocrx_word' id='word_1_51' title='bbox 1733 352 1804 386; x_wconf 82' lang='lat' dir='ltr'>effet</span> 
     </span>
     <span class='ocr_line' id='line_1_5' title="bbox 320 395 1802 449; baseline -0.005 -13"><span class='ocrx_word' id='word_1_52' title='bbox 320 415 411 449; x_wconf 87' lang='lat' dir='ltr'>agens</span> <span class='ocrx_word' id='word_1_53' title='bbox 421 402 567 436; x_wconf 81' lang='lat' dir='ltr'>rationale</span> <span class='ocrx_word' id='word_1_54' title='bbox 577 408 606 435; x_wconf 78' lang='grc' dir='ltr'>δι</span> <span class='ocrx_word' id='word_1_55' title='bbox 617 399 787 434; x_wconf 81' lang='lat' dir='ltr'>liberum‚Vt</span> <span class='ocrx_word' id='word_1_56' title='bbox 799 407 879 440; x_wconf 82' lang='lat' dir='ltr'>pater</span> <span class='ocrx_word' id='word_1_57' title='bbox 887 408 940 440; x_wconf 91' lang='lat' dir='ltr'>per</span> <span class='ocrx_word' id='word_1_58' title='bbox 949 396 1063 428; x_wconf 86' lang='lat' dir='ltr'>ostensa</span> <span class='ocrx_word' id='word_1_59' title='bbox 1071 406 1100 438; x_wconf 85' lang='lat'>4.</span> <span class='ocrx_word' id='word_1_60' title='bbox 1110 395 1200 428; x_wconf 88' lang='lat' dir='ltr'>huius</span> <span class='ocrx_word' id='word_1_61' title='bbox 1209 399 1239 427; x_wconf 78' lang='lat' dir='ltr'>Sc</span> <span class='ocrx_word' id='word_1_62' title='bbox 1253 405 1281 438; x_wconf 87' lang='lat'>5.</span> <span class='ocrx_word' id='word_1_63' title='bbox 1293 395 1341 428; x_wconf 85' lang='lat' dir='ltr'>sed</span> <span class='ocrx_word' id='word_1_64' title='bbox 1349 407 1437 439; x_wconf 84' lang='lat' dir='ltr'>agens</span> <span class='ocrx_word' id='word_1_65' title='bbox 1445 396 1650 431; x_wconf 80' lang='lat' dir='ltr'>irrationale&amp;</span> <span class='ocrx_word' id='word_1_66' title='bbox 1658 395 1697 430; x_wconf 88' lang='lat' dir='ltr'>de</span> <span class='ocrx_word' id='word_1_67' title='bbox 1705 399 1802 430; x_wconf 76' lang='lat' dir='ltr'>neces-</span> 
     </span>
     <span class='ocr_line' id='line_1_6' title="bbox 321 440 1804 488; baseline -0.005 -5"><span class='ocrx_word' id='word_1_68' title='bbox 321 450 524 483; x_wconf 80' lang='lat' dir='ltr'>sitatenaturae</span> <span class='ocrx_word' id='word_1_69' title='bbox 539 462 550 487; x_wconf 62' lang='grc' dir='ltr'><strong>ς</strong></span> <span class='ocrx_word' id='word_1_70' title='bbox 565 452 595 482; x_wconf 70' lang='grc' dir='ltr'>ὅ(</span> <span class='ocrx_word' id='word_1_71' title='bbox 603 445 673 478; x_wconf 74' lang='lat' dir='ltr'>cum</span> <span class='ocrx_word' id='word_1_72' title='bbox 684 455 736 487; x_wconf 86' lang='lat' dir='ltr'>per</span> <span class='ocrx_word' id='word_1_73' title='bbox 744 453 798 488; x_wconf 83' lang='lat'>3⁰·</span> <span class='ocrx_word' id='word_1_74' title='bbox 813 442 933 475; x_wconf 84' lang='lat' dir='ltr'>secundi</span> <span class='ocrx_word' id='word_1_75' title='bbox 942 440 1004 485; x_wconf 91' lang='lat' dir='ltr'>ipse</span> <span class='ocrx_word' id='word_1_76' title='bbox 1015 440 1046 473; x_wconf 87' lang='lat' dir='ltr'>sit</span> <span class='ocrx_word' id='word_1_77' title='bbox 1056 443 1194 473; x_wconf 86' lang='lat' dir='ltr'>omnium</span> <span class='ocrx_word' id='word_1_78' title='bbox 1205 443 1317 485; x_wconf 87' lang='lat' dir='ltr'>primus</span> <span class='ocrx_word' id='word_1_79' title='bbox 1326 451 1440 479; x_wconf 80' lang='lat' dir='ltr'>moror,</span> <span class='ocrx_word' id='word_1_80' title='bbox 1458 443 1560 474; x_wconf 88' lang='lat' dir='ltr'>omnis</span> <span class='ocrx_word' id='word_1_81' title='bbox 1569 452 1672 475; x_wconf 83' lang='lat' dir='ltr'>moror</span> <span class='ocrx_word' id='word_1_82' title='bbox 1681 443 1804 476; x_wconf 76' lang='lat' dir='ltr'>interior</span> 
     </span>
     <span class='ocr_line' id='line_1_7' title="bbox 321 486 1803 535; baseline -0.005 -7"><span class='ocrx_word' id='word_1_83' title='bbox 321 494 455 528; x_wconf 88' lang='lat' dir='ltr'>similiter</span> <span class='ocrx_word' id='word_1_84' title='bbox 463 493 579 527; x_wconf 69' lang='lat' dir='ltr'>tantum</span> <span class='ocrx_word' id='word_1_85' title='bbox 588 489 725 535; x_wconf 79' lang='lat' dir='ltr'>ageret&amp;</span> <span class='ocrx_word' id='word_1_86' title='bbox 735 498 884 521; x_wconf 89' lang='lat' dir='ltr'>moueret.</span> <span class='ocrx_word' id='word_1_87' title='bbox 911 488 942 520; x_wconf 88' lang='lat' dir='ltr'>N</span> <span class='ocrx_word' id='word_1_88' title='bbox 949 498 990 520; x_wconf 89' lang='lat' dir='ltr'>on</span> <span class='ocrx_word' id='word_1_89' title='bbox 999 488 1079 519; x_wconf 88' lang='lat' dir='ltr'>enim</span> <span class='ocrx_word' id='word_1_90' title='bbox 1089 486 1206 519; x_wconf 82' lang='lat' dir='ltr'>deceret</span> <span class='ocrx_word' id='word_1_91' title='bbox 1215 498 1269 519; x_wconf 89' lang='lat' dir='ltr'>nec</span> <span class='ocrx_word' id='word_1_92' title='bbox 1277 486 1345 520; x_wconf 66' lang='lat' dir='ltr'>esset</span> <span class='ocrx_word' id='word_1_93' title='bbox 1353 486 1491 528; x_wconf 84' lang='lat' dir='ltr'>polsibile</span> <span class='ocrx_word' id='word_1_94' title='bbox 1499 498 1531 520; x_wconf 87' lang='lat' dir='ltr'>vt</span> <span class='ocrx_word' id='word_1_95' title='bbox 1539 498 1643 520; x_wconf 88' lang='lat' dir='ltr'>motor</span> <span class='ocrx_word' id='word_1_96' title='bbox 1657 488 1803 522; x_wconf 83' lang='lat' dir='ltr'>secundus</span> 
     </span>
     <span class='ocr_line' id='line_1_8' title="bbox 321 531 1803 578; baseline -0.005 -5"><span class='ocrx_word' id='word_1_97' title='bbox 321 540 530 574; x_wconf 84' lang='lat' dir='ltr'>rationabilior</span> <span class='ocrx_word' id='word_1_98' title='bbox 538 548 587 570; x_wconf 81' lang='lat' dir='ltr'>aut</span> <span class='ocrx_word' id='word_1_99' title='bbox 595 537 716 569; x_wconf 84' lang='lat' dir='ltr'>liberior</span> <span class='ocrx_word' id='word_1_100' title='bbox 724 534 795 567; x_wconf 69' lang='lat' dir='ltr'>effe:</span> <span class='ocrx_word' id='word_1_101' title='bbox 803 535 914 578; x_wconf 85' lang='lat' dir='ltr'>primo,</span> <span class='ocrx_word' id='word_1_102' title='bbox 926 531 996 566; x_wconf 85' lang='lat' dir='ltr'>sicut</span> <span class='ocrx_word' id='word_1_103' title='bbox 1004 534 1062 566; x_wconf 85' lang='lat' dir='ltr'>iam</span> <span class='ocrx_word' id='word_1_104' title='bbox 1072 534 1218 575; x_wconf 87' lang='lat' dir='ltr'>proximo</span> <span class='ocrx_word' id='word_1_105' title='bbox 1227 533 1266 564; x_wconf 88' lang='lat' dir='ltr'>est</span> <span class='ocrx_word' id='word_1_106' title='bbox 1276 532 1439 569; x_wconf 86' lang='lat' dir='ltr'>ostensum,</span> <span class='ocrx_word' id='word_1_107' title='bbox 1449 544 1586 577; x_wconf 80' lang='lat' dir='ltr'>argutum</span> <span class='ocrx_word' id='word_1_108' title='bbox 1596 537 1626 569; x_wconf 87' lang='lat'>&amp;</span> <span class='ocrx_word' id='word_1_109' title='bbox 1633 535 1761 578; x_wconf 83' lang='lat' dir='ltr'>6-pri&#39;mi</span> <span class='ocrx_word' id='word_1_110' title='bbox 1771 538 1803 565; x_wconf 73' lang='lat' dir='ltr'>&amp;t</span> 
     </span>
    </p>

    <p class='ocr_par' dir='ltr' id='par_1_4' title="bbox 322 576 1516 631">
     <span class='ocr_line' id='line_1_9' title="bbox 322 576 1516 631; baseline -0.003 -16"><span class='ocrx_word' id='word_1_111' title='bbox 322 599 353 624; x_wconf 85' lang='lat'>9·</span> <span class='ocrx_word' id='word_1_112' title='bbox 363 597 454 631; x_wconf 79' lang='lat' dir='ltr'>quare</span> <span class='ocrx_word' id='word_1_113' title='bbox 463 596 517 618; x_wconf 80' lang='lat' dir='ltr'>nec</span> <span class='ocrx_word' id='word_1_114' title='bbox 529 584 604 618; x_wconf 77' lang='lat' dir='ltr'>vllus</span> <span class='ocrx_word' id='word_1_115' title='bbox 614 591 717 615; x_wconf 77' lang='lat' dir='ltr'>moror</span> <span class='ocrx_word' id='word_1_116' title='bbox 726 581 848 614; x_wconf 87' lang='lat' dir='ltr'>inferior</span> <span class='ocrx_word' id='word_1_117' title='bbox 856 576 951 623; x_wconf 70' lang='lat' dir='ltr'>poss&#39;et</span> <span class='ocrx_word' id='word_1_118' title='bbox 961 580 1077 619; x_wconf 87' lang='lat' dir='ltr'>mereri,</span> <span class='ocrx_word' id='word_1_119' title='bbox 1088 578 1158 610; x_wconf 83' lang='lat' dir='ltr'>sicut</span> <span class='ocrx_word' id='word_1_120' title='bbox 1167 576 1299 622; x_wconf 88' lang='lat' dir='ltr'>superius</span> <span class='ocrx_word' id='word_1_121' title='bbox 1308 578 1347 609; x_wconf 90' lang='lat' dir='ltr'>est</span> <span class='ocrx_word' id='word_1_122' title='bbox 1356 576 1516 612; x_wconf 86' lang='lat' dir='ltr'>ostensum.</span> 
     </span>
    </p>
   </div>
   <div class='ocr_carea' id='block_1_3' title="bbox 823 671 1258 701">
    <p class='ocr_par' dir='ltr' id='par_1_5' title="bbox 823 671 1258 701">
     <span class='ocr_line' id='line_1_10' title="bbox 823 671 1258 701; baseline -0.002 -1"><span class='ocrx_word' id='word_1_123' title='bbox 823 671 1258 701; x_wconf 80' lang='lat' dir='ltr'>coRoLLARIVM.</span> 
     </span>
    </p>
   </div>
   <div class='ocr_carea' id='block_1_4' title="bbox 387 743 1854 852">
    <p class='ocr_par' dir='ltr' id='par_1_6' title="bbox 387 743 1854 852">
     <span class='ocr_line' id='line_1_11' title="bbox 387 743 1801 807; baseline -0.005 -15"><span class='ocrx_word' id='word_1_124' title='bbox 387 751 597 807; x_wconf 59' lang='lat' dir='ltr'>corollarium,</span> <span class='ocrx_word' id='word_1_125' title='bbox 618 748 717 803; x_wconf 61' lang='lat' dir='ltr'>qualis</span> <span class='ocrx_word' id='word_1_126' title='bbox 736 749 771 797; x_wconf 81' lang='lat' dir='ltr'>fit</span> <span class='ocrx_word' id='word_1_127' title='bbox 785 745 907 786; x_wconf 71' lang='lat' dir='ltr'>libertas</span> <span class='ocrx_word' id='word_1_128' title='bbox 926 748 957 783; x_wconf 84' lang='lat' dir='ltr'>in</span> <span class='ocrx_word' id='word_1_129' title='bbox 977 743 1236 785; x_wconf 68' lang='lat' dir='ltr'>irrationabilibus</span> <span class='ocrx_word' id='word_1_130' title='bbox 1245 754 1403 795; x_wconf 66' lang='lat' dir='ltr'>creaturis,</span> <span class='ocrx_word' id='word_1_131' title='bbox 1419 757 1464 789; x_wconf 62' lang='lat' dir='ltr'>w*</span> <span class='ocrx_word' id='word_1_132' title='bbox 1479 747 1624 801; x_wconf 80' lang='lat' dir='ltr'>quomodo</span> <span class='ocrx_word' id='word_1_133' title='bbox 1633 746 1664 786; x_wconf 87' lang='lat' dir='ltr'>di</span> <span class='ocrx_word' id='word_1_134' title='bbox 1691 758 1738 786; x_wconf 76' lang='lat' dir='ltr'>ert</span> <span class='ocrx_word' id='word_1_135' title='bbox 1755 759 1801 790; x_wconf 65' lang='lat' dir='ltr'>w·</span> 
     </span>
     <span class='ocr_line' id='line_1_12' title="bbox 440 801 1854 852; baseline -0.014 -6"><span class='ocrx_word' id='word_1_136' title='bbox 440 810 578 848; x_wconf 68' lang='lat' dir='ltr'>conuenit</span> <span class='ocrx_word' id='word_1_137' title='bbox 587 820 654 843; x_wconf 84' lang='lat' dir='ltr'>cum</span> <span class='ocrx_word' id='word_1_138' title='bbox 661 801 856 844; x_wconf 75' lang='lat' dir='ltr'>rationalium</span> <span class='ocrx_word' id='word_1_139' title='bbox 865 801 1014 842; x_wconf 73' lang='lat' dir='ltr'>libertate.</span> <span class='ocrx_word' id='word_1_140' title='bbox 1829 819 1854 852; x_wconf 79' lang='lat' dir='ltr'><em>B</em></span> 
     </span>
    </p>
   </div>
   <div class='ocr_carea' id='block_1_5' title="bbox 323 892 1860 1856">
    <p class='ocr_par' dir='ltr' id='par_1_7' title="bbox 323 892 1860 1856">
     <span class='ocr_line' id='line_1_13' title="bbox 323 892 1803 975; baseline -0.001 -42"><span class='ocrx_word' id='word_1_141' title='bbox 323 902 412 975; x_wconf 85' lang='lat' dir='ltr'>EX</span> <span class='ocrx_word' id='word_1_142' title='bbox 422 900 467 934; x_wconf 87' lang='lat' dir='ltr'>his</span> <span class='ocrx_word' id='word_1_143' title='bbox 474 911 572 935; x_wconf 84' lang='lat' dir='ltr'>autern</span> <span class='ocrx_word' id='word_1_144' title='bbox 580 897 769 943; x_wconf 83' lang='lat' dir='ltr'>cognoscitur</span> <span class='ocrx_word' id='word_1_145' title='bbox 776 896 941 930; x_wconf 85' lang='lat' dir='ltr'>luculenter</span> <span class='ocrx_word' id='word_1_146' title='bbox 949 896 1042 939; x_wconf 83' lang='lat' dir='ltr'>qualis</span> <span class='ocrx_word' id='word_1_147' title='bbox 1053 892 1173 930; x_wconf 86' lang='lat' dir='ltr'>libertas</span> <span class='ocrx_word' id='word_1_148' title='bbox 1181 897 1220 929; x_wconf 86' lang='lat' dir='ltr'>est</span> <span class='ocrx_word' id='word_1_149' title='bbox 1229 895 1275 929; x_wconf 87' lang='lat' dir='ltr'>vel</span> <span class='ocrx_word' id='word_1_150' title='bbox 1285 908 1347 929; x_wconf 91' lang='lat' dir='ltr'>non</span> <span class='ocrx_word' id='word_1_151' title='bbox 1356 897 1395 931; x_wconf 88' lang='lat' dir='ltr'>est</span> <span class='ocrx_word' id='word_1_152' title='bbox 1409 899 1440 930; x_wconf 90' lang='lat' dir='ltr'>in</span> <span class='ocrx_word' id='word_1_153' title='bbox 1456 896 1678 931; x_wconf 79' lang='lat' dir='ltr'>irrationalibus</span> <span class='ocrx_word' id='word_1_154' title='bbox 1688 908 1803 933; x_wconf 81' lang='lat' dir='ltr'>creatu-</span> 
     </span>
     <span class='ocr_line' id='line_1_14' title="bbox 382 939 1805 990; baseline -0.003 -11"><span class='ocrx_word' id='word_1_155' title='bbox 382 950 431 986; x_wconf 82' lang='lat' dir='ltr'>ris,</span> <span class='ocrx_word' id='word_1_156' title='bbox 440 947 470 981; x_wconf 75' lang='grc' dir='ltr'>ὃ(</span> <span class='ocrx_word' id='word_1_157' title='bbox 478 945 640 990; x_wconf 85' lang='lat' dir='ltr'>quomodo</span> <span class='ocrx_word' id='word_1_158' title='bbox 649 942 748 978; x_wconf 86' lang='lat' dir='ltr'>differt</span> <span class='ocrx_word' id='word_1_159' title='bbox 756 942 907 977; x_wconf 83' lang='lat' dir='ltr'>rationalis</span> <span class='ocrx_word' id='word_1_160' title='bbox 917 939 1037 974; x_wconf 86' lang='lat' dir='ltr'>libertas</span> <span class='ocrx_word' id='word_1_161' title='bbox 1051 941 1089 974; x_wconf 88' lang='lat' dir='ltr'>ab</span> <span class='ocrx_word' id='word_1_162' title='bbox 1098 941 1347 975; x_wconf 83' lang='lat' dir='ltr'>irrationabilium</span> <span class='ocrx_word' id='word_1_163' title='bbox 1356 942 1501 979; x_wconf 72' lang='lat' dir='ltr'>libertate,</span> <span class='ocrx_word' id='word_1_164' title='bbox 1520 950 1551 976; x_wconf 74' lang='grc' dir='ltr'>δι</span> <span class='ocrx_word' id='word_1_165' title='bbox 1561 943 1724 987; x_wconf 89' lang='lat' dir='ltr'>quomodo</span> <span class='ocrx_word' id='word_1_166' title='bbox 1730 953 1805 977; x_wconf 90' lang='lat' dir='ltr'>eon-</span> 
     </span>
     <span class='ocr_line' id='line_1_15' title="bbox 324 987 1804 1031; baseline 0 -11"><span class='ocrx_word' id='word_1_167' title='bbox 324 996 480 1028; x_wconf 70' lang='lat' dir='ltr'>uenitcum</span> <span class='ocrx_word' id='word_1_168' title='bbox 491 992 608 1025; x_wconf 85' lang='lat' dir='ltr'>eadem.</span> <span class='ocrx_word' id='word_1_169' title='bbox 631 991 678 1022; x_wconf 81' lang='lat' dir='ltr'>Est</span> <span class='ocrx_word' id='word_1_170' title='bbox 687 992 767 1022; x_wconf 86' lang='lat' dir='ltr'>enim</span> <span class='ocrx_word' id='word_1_171' title='bbox 777 991 806 1021; x_wconf 87' lang='lat' dir='ltr'>in</span> <span class='ocrx_word' id='word_1_172' title='bbox 815 990 856 1022; x_wconf 87' lang='lat' dir='ltr'>eis</span> <span class='ocrx_word' id='word_1_173' title='bbox 865 988 998 1031; x_wconf 70' lang='lat' dir='ltr'>respeftu</span> <span class='ocrx_word' id='word_1_174' title='bbox 1008 988 1124 1020; x_wconf 82' lang='lat' dir='ltr'>suarum</span> <span class='ocrx_word' id='word_1_175' title='bbox 1141 987 1318 1021; x_wconf 81' lang='lat' dir='ltr'>naturalium</span> <span class='ocrx_word' id='word_1_176' title='bbox 1334 991 1488 1022; x_wconf 59' lang='lat' dir='ltr'>actionum</span> <span class='ocrx_word' id='word_1_177' title='bbox 1505 988 1623 1023; x_wconf 87' lang='lat' dir='ltr'>libertas</span> <span class='ocrx_word' id='word_1_178' title='bbox 1632 990 1649 1022; x_wconf 75' lang='grc' dir='ltr'>ὲ</span> <span class='ocrx_word' id='word_1_179' title='bbox 1660 989 1804 1022; x_wconf 85' lang='lat' dir='ltr'>violentia</span> 
     </span>
     <span class='ocr_line' id='line_1_16' title="bbox 325 1032 1803 1079; baseline -0.001 -11"><span class='ocrx_word' id='word_1_180' title='bbox 325 1041 356 1075; x_wconf 70' lang='grc' dir='ltr'>ὃ(</span> <span class='ocrx_word' id='word_1_181' title='bbox 364 1039 520 1072; x_wconf 71' lang='lat' dir='ltr'>coastionc</span> <span class='ocrx_word' id='word_1_182' title='bbox 529 1038 632 1069; x_wconf 81' lang='lat' dir='ltr'>inuita.</span> <span class='ocrx_word' id='word_1_183' title='bbox 657 1036 743 1068; x_wconf 86' lang='lat' dir='ltr'>Nam</span> <span class='ocrx_word' id='word_1_184' title='bbox 752 1034 821 1067; x_wconf 75' lang='lat' dir='ltr'>curn</span> <span class='ocrx_word' id='word_1_185' title='bbox 830 1043 985 1077; x_wconf 83' lang='lat' dir='ltr'>appetunt,</span> <span class='ocrx_word' id='word_1_186' title='bbox 994 1032 1115 1070; x_wconf 87' lang='lat' dir='ltr'>faciunt,</span> <span class='ocrx_word' id='word_1_187' title='bbox 1126 1034 1156 1067; x_wconf 77' lang='grc' dir='ltr'>ὅ(</span> <span class='ocrx_word' id='word_1_188' title='bbox 1165 1033 1234 1065; x_wconf 74' lang='lat' dir='ltr'>cum</span> <span class='ocrx_word' id='word_1_189' title='bbox 1245 1044 1308 1066; x_wconf 91' lang='lat' dir='ltr'>non</span> <span class='ocrx_word' id='word_1_190' title='bbox 1319 1044 1480 1078; x_wconf 77' lang='lat' dir='ltr'>appetunt,</span> <span class='ocrx_word' id='word_1_191' title='bbox 1491 1036 1636 1069; x_wconf 47' lang='lat' dir='ltr'>minim&amp;</span> <span class='ocrx_word' id='word_1_192' title='bbox 1655 1035 1737 1078; x_wconf 87' lang='lat' dir='ltr'>quod</span> <span class='ocrx_word' id='word_1_193' title='bbox 1744 1035 1803 1079; x_wconf 83' lang='lat' dir='ltr'>pri-</span> 
     </span>
     <span class='ocr_line' id='line_1_17' title="bbox 324 1078 1803 1122; baseline -0.005 -4"><span class='ocrx_word' id='word_1_194' title='bbox 324 1084 380 1118; x_wconf 76' lang='lat' dir='ltr'>mo</span> <span class='ocrx_word' id='word_1_195' title='bbox 389 1085 420 1119; x_wconf 74' lang='grc' dir='ltr'>ὃ(</span> <span class='ocrx_word' id='word_1_196' title='bbox 429 1084 561 1117; x_wconf 67' lang='lat' dir='ltr'>maxime</span> <span class='ocrx_word' id='word_1_197' title='bbox 570 1080 740 1115; x_wconf 86' lang='lat' dir='ltr'>verificatur</span> <span class='ocrx_word' id='word_1_198' title='bbox 748 1082 778 1113; x_wconf 89' lang='lat' dir='ltr'>in</span> <span class='ocrx_word' id='word_1_199' title='bbox 793 1081 833 1114; x_wconf 87' lang='lat' dir='ltr'>eis</span> <span class='ocrx_word' id='word_1_200' title='bbox 849 1079 886 1112; x_wconf 91' lang='lat' dir='ltr'>de</span> <span class='ocrx_word' id='word_1_201' title='bbox 895 1081 1029 1122; x_wconf 83' lang='lat' dir='ltr'>appetitu</span> <span class='ocrx_word' id='word_1_202' title='bbox 1037 1089 1158 1116; x_wconf 86' lang='lat' dir='ltr'>eorum,</span> <span class='ocrx_word' id='word_1_203' title='bbox 1171 1078 1243 1111; x_wconf 89' lang='lat' dir='ltr'>sicut</span> <span class='ocrx_word' id='word_1_204' title='bbox 1260 1081 1298 1112; x_wconf 87' lang='lat' dir='ltr'>est</span> <span class='ocrx_word' id='word_1_205' title='bbox 1314 1081 1343 1113; x_wconf 85' lang='lat' dir='ltr'>in</span> <span class='ocrx_word' id='word_1_206' title='bbox 1353 1079 1530 1113; x_wconf 87' lang='lat' dir='ltr'>hominibus</span> <span class='ocrx_word' id='word_1_207' title='bbox 1539 1080 1577 1112; x_wconf 91' lang='lat' dir='ltr'>de</span> <span class='ocrx_word' id='word_1_208' title='bbox 1587 1080 1742 1114; x_wconf 85' lang='lat' dir='ltr'>voluntate</span> <span class='ocrx_word' id='word_1_209' title='bbox 1749 1090 1803 1113; x_wconf 90' lang='lat' dir='ltr'>eo-</span> 
     </span>
     <span class='ocr_line' id='line_1_18' title="bbox 325 1124 1804 1171; baseline -0.003 -9"><span class='ocrx_word' id='word_1_210' title='bbox 325 1141 403 1167; x_wconf 88' lang='lat' dir='ltr'>rum,</span> <span class='ocrx_word' id='word_1_211' title='bbox 420 1128 491 1162; x_wconf 84' lang='lat' dir='ltr'>ficut</span> <span class='ocrx_word' id='word_1_212' title='bbox 500 1140 531 1166; x_wconf 85' lang='lat'>9.</span> <span class='ocrx_word' id='word_1_213' title='bbox 543 1128 631 1161; x_wconf 78' lang='lat' dir='ltr'>huius</span> <span class='ocrx_word' id='word_1_214' title='bbox 643 1126 760 1171; x_wconf 85' lang='lat' dir='ltr'>plenius</span> <span class='ocrx_word' id='word_1_215' title='bbox 776 1124 953 1157; x_wconf 86' lang='lat' dir='ltr'>ostendebat</span> <span class='ocrx_word' id='word_1_216' title='bbox 968 1138 975 1155; x_wconf 74' lang='grc' dir='ltr'><strong><em>ε</em></strong></span> <span class='ocrx_word' id='word_1_217' title='bbox 992 1135 1085 1167; x_wconf 89' lang='lat' dir='ltr'>quare</span> <span class='ocrx_word' id='word_1_218' title='bbox 1094 1129 1123 1160; x_wconf 88' lang='lat'>&amp;</span> <span class='ocrx_word' id='word_1_219' title='bbox 1138 1124 1345 1169; x_wconf 85' lang='lat' dir='ltr'>Philosophus</span> <span class='ocrx_word' id='word_1_220' title='bbox 1364 1136 1394 1166; x_wconf 84' lang='lat'>3.</span> <span class='ocrx_word' id='word_1_221' title='bbox 1405 1124 1580 1158; x_wconf 85' lang='lat' dir='ltr'>Ethicorum</span> <span class='ocrx_word' id='word_1_222' title='bbox 1593 1136 1621 1169; x_wconf 78' lang='grc' dir='ltr'>ς.</span> <span class='ocrx_word' id='word_1_223' title='bbox 1629 1124 1763 1159; x_wconf 85' lang='lat' dir='ltr'>attribuit</span> <span class='ocrx_word' id='word_1_224' title='bbox 1771 1129 1804 1157; x_wconf 73' lang='grc' dir='ltr'>δε</span> 
     </span>
     <span class='ocr_line' id='line_1_19' title="bbox 324 1169 1804 1220; baseline -0.003 -13"><span class='ocrx_word' id='word_1_225' title='bbox 324 1176 424 1220; x_wconf 82' lang='lat' dir='ltr'>pueris</span> <span class='ocrx_word' id='word_1_226' title='bbox 432 1174 462 1207; x_wconf 72' lang='grc' dir='ltr'>ὅ(</span> <span class='ocrx_word' id='word_1_227' title='bbox 472 1173 648 1207; x_wconf 82' lang='lat' dir='ltr'>animalibus</span> <span class='ocrx_word' id='word_1_228' title='bbox 659 1172 858 1209; x_wconf 83' lang='lat' dir='ltr'>voluntatem,</span> <span class='ocrx_word' id='word_1_229' title='bbox 866 1169 1039 1203; x_wconf 74' lang='lat' dir='ltr'>voluntario</span> <span class='ocrx_word' id='word_1_230' title='bbox 1048 1170 1185 1215; x_wconf 85' lang='lat' dir='ltr'>quidem,</span> <span class='ocrx_word' id='word_1_231' title='bbox 1194 1172 1377 1213; x_wconf 81' lang='lat' dir='ltr'>inquiens‚&amp;</span> <span class='ocrx_word' id='word_1_232' title='bbox 1386 1175 1508 1214; x_wconf 83' lang='lat' dir='ltr'>pueri&amp;</span> <span class='ocrx_word' id='word_1_233' title='bbox 1518 1172 1657 1205; x_wconf 83' lang='lat' dir='ltr'>animalia</span> <span class='ocrx_word' id='word_1_234' title='bbox 1665 1181 1804 1204; x_wconf 89' lang='lat' dir='ltr'>commu-</span> 
     </span>
     <span class='ocr_line' id='line_1_20' title="bbox 323 1214 1804 1260; baseline -0.005 -6"><span class='ocrx_word' id='word_1_235' title='bbox 323 1225 434 1254; x_wconf 81' lang='lat' dir='ltr'>nicant.</span> <span class='ocrx_word' id='word_1_236' title='bbox 462 1219 624 1252; x_wconf 80' lang='lat' dir='ltr'>Anselmus</span> <span class='ocrx_word' id='word_1_237' title='bbox 639 1220 728 1250; x_wconf 86' lang='lat' dir='ltr'>etiam</span> <span class='ocrx_word' id='word_1_238' title='bbox 743 1216 781 1250; x_wconf 87' lang='lat' dir='ltr'>de</span> <span class='ocrx_word' id='word_1_239' title='bbox 796 1215 890 1250; x_wconf 87' lang='lat' dir='ltr'>libero</span> <span class='ocrx_word' id='word_1_240' title='bbox 906 1214 1029 1248; x_wconf 86' lang='lat' dir='ltr'>arbitrio</span> <span class='ocrx_word' id='word_1_241' title='bbox 1042 1226 1069 1259; x_wconf 88' lang='lat'>5.</span> <span class='ocrx_word' id='word_1_242' title='bbox 1079 1217 1296 1260; x_wconf 82' lang='lat' dir='ltr'>innuitequurn</span> <span class='ocrx_word' id='word_1_243' title='bbox 1305 1216 1414 1249; x_wconf 85' lang='lat' dir='ltr'>habere</span> <span class='ocrx_word' id='word_1_244' title='bbox 1424 1217 1625 1254; x_wconf 72' lang='lat' dir='ltr'>voluntatem,</span> <span class='ocrx_word' id='word_1_245' title='bbox 1640 1216 1804 1260; x_wconf 82' lang='lat' dir='ltr'>vtpraesens</span> 
     </span>
     <span class='ocr_line' id='line_1_21' title="bbox 325 1260 1806 1310; baseline -0.005 -10"><span class='ocrx_word' id='word_1_246' title='bbox 325 1265 490 1310; x_wconf 86' lang='lat' dir='ltr'>capitulum</span> <span class='ocrx_word' id='word_1_247' title='bbox 500 1266 631 1308; x_wconf 86' lang='lat' dir='ltr'>superius</span> <span class='ocrx_word' id='word_1_248' title='bbox 638 1263 786 1301; x_wconf 86' lang='lat' dir='ltr'>recitauit,</span> <span class='ocrx_word' id='word_1_249' title='bbox 798 1264 852 1306; x_wconf 86' lang='lat' dir='ltr'>qui</span> <span class='ocrx_word' id='word_1_250' title='bbox 862 1262 892 1296; x_wconf 75' lang='grc' dir='ltr'>ὃ(</span> <span class='ocrx_word' id='word_1_251' title='bbox 906 1260 982 1294; x_wconf 83' lang='lat' dir='ltr'>infra</span> <span class='ocrx_word' id='word_1_252' title='bbox 995 1264 1089 1301; x_wconf 81' lang='lat' dir='ltr'>i3.ita</span> <span class='ocrx_word' id='word_1_253' title='bbox 1104 1261 1188 1299; x_wconf 85' lang='lat' dir='ltr'>dicit,</span> <span class='ocrx_word' id='word_1_254' title='bbox 1207 1262 1310 1295; x_wconf 82' lang='lat' dir='ltr'>Seriiat</span> <span class='ocrx_word' id='word_1_255' title='bbox 1326 1263 1501 1295; x_wconf 79' lang='lat' dir='ltr'>naturaliter</span> <span class='ocrx_word' id='word_1_256' title='bbox 1508 1264 1587 1295; x_wconf 84' lang='lat' dir='ltr'>canis</span> <span class='ocrx_word' id='word_1_257' title='bbox 1597 1262 1806 1296; x_wconf 68' lang='lat' dir='ltr'>reecitudmem</span> 
     </span>
     <span class='ocr_line' id='line_1_22' title="bbox 324 1306 1805 1351; baseline -0.003 -8"><span class='ocrx_word' id='word_1_258' title='bbox 324 1312 507 1350; x_wconf 82' lang='lat' dir='ltr'>voluntatis,</span> <span class='ocrx_word' id='word_1_259' title='bbox 522 1311 591 1343; x_wconf 71' lang='lat' dir='ltr'>cum</span> <span class='ocrx_word' id='word_1_260' title='bbox 606 1318 685 1342; x_wconf 82' lang='lat' dir='ltr'>amat</span> <span class='ocrx_word' id='word_1_261' title='bbox 700 1308 816 1340; x_wconf 83' lang='lat' dir='ltr'>catulos</span> <span class='ocrx_word' id='word_1_262' title='bbox 824 1308 906 1342; x_wconf 88' lang='lat' dir='ltr'>suos,</span> <span class='ocrx_word' id='word_1_263' title='bbox 923 1318 972 1339; x_wconf 81' lang='lat' dir='ltr'>aur</span> <span class='ocrx_word' id='word_1_264' title='bbox 982 1308 1155 1340; x_wconf 88' lang='lat' dir='ltr'>Dominum</span> <span class='ocrx_word' id='word_1_265' title='bbox 1171 1308 1254 1340; x_wconf 85' lang='lat' dir='ltr'>suum</span> <span class='ocrx_word' id='word_1_266' title='bbox 1270 1306 1321 1340; x_wconf 87' lang='lat' dir='ltr'>sibi</span> <span class='ocrx_word' id='word_1_267' title='bbox 1331 1307 1579 1341; x_wconf 75' lang='lat' dir='ltr'>benefacientem.</span> <span class='ocrx_word' id='word_1_268' title='bbox 1597 1309 1644 1340; x_wconf 84' lang='lat' dir='ltr'>Est</span> <span class='ocrx_word' id='word_1_269' title='bbox 1652 1307 1805 1351; x_wconf 86' lang='lat' dir='ltr'>insupetin</span> 
     </span>
     <span class='ocr_line' id='line_1_23' title="bbox 325 1352 1860 1400; baseline -0.002 -10"><span class='ocrx_word' id='word_1_270' title='bbox 325 1357 425 1394; x_wconf 78' lang='lat' dir='ltr'>bestiis</span> <span class='ocrx_word' id='word_1_271' title='bbox 436 1356 560 1388; x_wconf 78' lang='lat' dir='ltr'>forsitan</span> <span class='ocrx_word' id='word_1_272' title='bbox 571 1354 687 1387; x_wconf 72' lang='lat' dir='ltr'>libertas</span> <span class='ocrx_word' id='word_1_273' title='bbox 698 1354 715 1386; x_wconf 73' lang='grc' dir='ltr'>ὲ</span> <span class='ocrx_word' id='word_1_274' title='bbox 725 1352 949 1386; x_wconf 78' lang='lat' dir='ltr'>necessuatefati</span> <span class='ocrx_word' id='word_1_275' title='bbox 960 1353 1252 1386; x_wconf 84' lang='lat' dir='ltr'>stellarum:Videtur</span> <span class='ocrx_word' id='word_1_276' title='bbox 1260 1354 1339 1386; x_wconf 86' lang='lat' dir='ltr'>enim</span> <span class='ocrx_word' id='word_1_277' title='bbox 1350 1355 1432 1396; x_wconf 91' lang='lat' dir='ltr'>quod</span> <span class='ocrx_word' id='word_1_278' title='bbox 1441 1353 1460 1385; x_wconf 89' lang='lat' dir='ltr'>si</span> <span class='ocrx_word' id='word_1_279' title='bbox 1470 1353 1565 1386; x_wconf 81' lang='lat' dir='ltr'>bestiae</span> <span class='ocrx_word' id='word_1_280' title='bbox 1574 1353 1692 1387; x_wconf 80' lang='lat' dir='ltr'>fuissent</span> <span class='ocrx_word' id='word_1_281' title='bbox 1700 1364 1804 1387; x_wconf 84' lang='lat' dir='ltr'>creatae</span> <span class='ocrx_word' id='word_1_282' title='bbox 1830 1367 1860 1400; x_wconf 82' lang='lat' dir='ltr'><strong>C</strong></span> 
     </span>
     <span class='ocr_line' id='line_1_24' title="bbox 324 1397 1805 1448; baseline -0.003 -13"><span class='ocrx_word' id='word_1_283' title='bbox 324 1401 465 1448; x_wconf 64' lang='lat' dir='ltr'>perfec‘tae</span> <span class='ocrx_word' id='word_1_284' title='bbox 476 1403 575 1447; x_wconf 84' lang='lat' dir='ltr'>primo</span> <span class='ocrx_word' id='word_1_285' title='bbox 584 1400 632 1432; x_wconf 89' lang='lat' dir='ltr'>die</span> <span class='ocrx_word' id='word_1_286' title='bbox 641 1399 749 1432; x_wconf 90' lang='lat' dir='ltr'>mundi</span> <span class='ocrx_word' id='word_1_287' title='bbox 758 1409 827 1432; x_wconf 85' lang='lat' dir='ltr'>ante</span> <span class='ocrx_word' id='word_1_288' title='bbox 842 1400 1025 1431; x_wconf 83' lang='lat' dir='ltr'>creationem</span> <span class='ocrx_word' id='word_1_289' title='bbox 1040 1399 1198 1435; x_wconf 78' lang='lat' dir='ltr'>stellarum,</span> <span class='ocrx_word' id='word_1_290' title='bbox 1212 1398 1296 1442; x_wconf 76' lang='lat' dir='ltr'>quod</span> <span class='ocrx_word' id='word_1_291' title='bbox 1310 1410 1381 1431; x_wconf 86' lang='lat' dir='ltr'>tunc</span> <span class='ocrx_word' id='word_1_292' title='bbox 1395 1397 1555 1443; x_wconf 74' lang='lat' dir='ltr'>potuissent</span> <span class='ocrx_word' id='word_1_293' title='bbox 1571 1400 1730 1432; x_wconf 87' lang='lat' dir='ltr'>exercuiffe</span> <span class='ocrx_word' id='word_1_294' title='bbox 1742 1398 1805 1431; x_wconf 86' lang='lat' dir='ltr'>suas</span> 
     </span>
     <span class='ocr_line' id='line_1_25' title="bbox 325 1444 1808 1492; baseline -0.004 -10"><span class='ocrx_word' id='word_1_295' title='bbox 325 1451 458 1482; x_wconf 57' lang='lat' dir='ltr'>actiones</span> <span class='ocrx_word' id='word_1_296' title='bbox 468 1449 605 1492; x_wconf 73' lang='lat' dir='ltr'>proprias</span> <span class='ocrx_word' id='word_1_297' title='bbox 613 1445 758 1478; x_wconf 85' lang='lat' dir='ltr'>naturales</span> <span class='ocrx_word' id='word_1_298' title='bbox 767 1456 775 1479; x_wconf 70' lang='grc' dir='ltr'><strong>ς</strong></span> <span class='ocrx_word' id='word_1_299' title='bbox 794 1447 877 1477; x_wconf 88' lang='lat' dir='ltr'>cuius</span> <span class='ocrx_word' id='word_1_300' title='bbox 887 1454 988 1477; x_wconf 78' lang='lat' dir='ltr'>tamen</span> <span class='ocrx_word' id='word_1_301' title='bbox 998 1444 1243 1477; x_wconf 86' lang='lat' dir='ltr'>certificationem</span> <span class='ocrx_word' id='word_1_302' title='bbox 1255 1446 1324 1488; x_wconf 80' lang='lat' dir='ltr'>quia</span> <span class='ocrx_word' id='word_1_303' title='bbox 1335 1456 1397 1478; x_wconf 90' lang='lat' dir='ltr'>non</span> <span class='ocrx_word' id='word_1_304' title='bbox 1405 1445 1535 1477; x_wconf 88' lang='lat' dir='ltr'>multum</span> <span class='ocrx_word' id='word_1_305' title='bbox 1544 1445 1660 1478; x_wconf 88' lang='lat' dir='ltr'>videtur</span> <span class='ocrx_word' id='word_1_306' title='bbox 1668 1445 1705 1477; x_wconf 88' lang='lat' dir='ltr'>ad</span> <span class='ocrx_word' id='word_1_307' title='bbox 1715 1446 1808 1488; x_wconf 88' lang='lat' dir='ltr'>pieta·</span> 
     </span>
     <span class='ocr_line' id='line_1_26' title="bbox 326 1488 1806 1536; baseline -0.003 -9"><span class='ocrx_word' id='word_1_308' title='bbox 326 1497 361 1527; x_wconf 84' lang='lat' dir='ltr'>tis</span> <span class='ocrx_word' id='word_1_309' title='bbox 373 1495 523 1526; x_wconf 86' lang='lat' dir='ltr'>scientiam</span> <span class='ocrx_word' id='word_1_310' title='bbox 533 1493 691 1536; x_wconf 81' lang='lat' dir='ltr'>pertinere,</span> <span class='ocrx_word' id='word_1_311' title='bbox 705 1491 842 1534; x_wconf 86' lang='lat' dir='ltr'>relinquo</span> <span class='ocrx_word' id='word_1_312' title='bbox 854 1488 1052 1533; x_wconf 71' lang='lat' dir='ltr'>philosophis</span> <span class='ocrx_word' id='word_1_313' title='bbox 1061 1489 1245 1523; x_wconf 83' lang='lat' dir='ltr'>naturalibus</span> <span class='ocrx_word' id='word_1_314' title='bbox 1252 1490 1282 1523; x_wconf 72' lang='grc' dir='ltr'>ὅ(</span> <span class='ocrx_word' id='word_1_315' title='bbox 1292 1490 1471 1534; x_wconf 82' lang='lat' dir='ltr'>Astrologis‚</span> <span class='ocrx_word' id='word_1_316' title='bbox 1487 1502 1562 1536; x_wconf 90' lang='lat' dir='ltr'>quos</span> <span class='ocrx_word' id='word_1_317' title='bbox 1572 1492 1667 1534; x_wconf 82' lang='lat' dir='ltr'>magis</span> <span class='ocrx_word' id='word_1_318' title='bbox 1673 1491 1806 1534; x_wconf 82' lang='lat' dir='ltr'>exagitat</span> 
     </span>
     <span class='ocr_line' id='line_1_27' title="bbox 324 1533 1807 1580; baseline -0.004 -8"><span class='ocrx_word' id='word_1_319' title='bbox 324 1539 454 1573; x_wconf 87' lang='lat' dir='ltr'>studium</span> <span class='ocrx_word' id='word_1_320' title='bbox 464 1539 627 1570; x_wconf 81' lang='lat' dir='ltr'>curiosum.</span> <span class='ocrx_word' id='word_1_321' title='bbox 650 1538 726 1569; x_wconf 92' lang='lat' dir='ltr'>Nori</span> <span class='ocrx_word' id='word_1_322' title='bbox 737 1536 777 1567; x_wconf 85' lang='lat' dir='ltr'>est</span> <span class='ocrx_word' id='word_1_323' title='bbox 786 1547 885 1569; x_wconf 80' lang='lat' dir='ltr'>autem</span> <span class='ocrx_word' id='word_1_324' title='bbox 895 1537 924 1568; x_wconf 90' lang='lat' dir='ltr'>iri</span> <span class='ocrx_word' id='word_1_325' title='bbox 935 1537 975 1567; x_wconf 87' lang='lat' dir='ltr'>eis</span> <span class='ocrx_word' id='word_1_326' title='bbox 985 1534 1105 1569; x_wconf 85' lang='lat' dir='ltr'>libertas</span> <span class='ocrx_word' id='word_1_327' title='bbox 1114 1535 1298 1579; x_wconf 73' lang='lat' dir='ltr'>(impliciter,</span> <span class='ocrx_word' id='word_1_328' title='bbox 1306 1538 1376 1580; x_wconf 91' lang='lat' dir='ltr'>quia</span> <span class='ocrx_word' id='word_1_329' title='bbox 1385 1547 1447 1568; x_wconf 92' lang='lat' dir='ltr'>non</span> <span class='ocrx_word' id='word_1_330' title='bbox 1459 1539 1590 1580; x_wconf 62' lang='lat' dir='ltr'>respectu</span> <span class='ocrx_word' id='word_1_331' title='bbox 1603 1537 1755 1569; x_wconf 85' lang='lat' dir='ltr'>causarum</span> <span class='ocrx_word' id='word_1_332' title='bbox 1762 1533 1807 1567; x_wconf 89' lang='lat' dir='ltr'>su-</span> 
     </span>
     <span class='ocr_line' id='line_1_28' title="bbox 326 1580 1806 1629; baseline -0.003 -12"><span class='ocrx_word' id='word_1_333' title='bbox 326 1587 495 1629; x_wconf 87' lang='lat' dir='ltr'>periorum,</span> <span class='ocrx_word' id='word_1_334' title='bbox 502 1582 607 1616; x_wconf 82' lang='lat' dir='ltr'>scilicet</span> <span class='ocrx_word' id='word_1_335' title='bbox 617 1581 708 1615; x_wconf 83' lang='lat' dir='ltr'>caiisae</span> <span class='ocrx_word' id='word_1_336' title='bbox 717 1583 830 1625; x_wconf 82' lang='lat' dir='ltr'>primae,</span> <span class='ocrx_word' id='word_1_337' title='bbox 844 1580 875 1614; x_wconf 93' lang='lat' dir='ltr'>id</span> <span class='ocrx_word' id='word_1_338' title='bbox 885 1581 936 1620; x_wconf 88' lang='lat' dir='ltr'>est,</span> <span class='ocrx_word' id='word_1_339' title='bbox 945 1581 1108 1614; x_wconf 71' lang='lat' dir='ltr'>voluntatis</span> <span class='ocrx_word' id='word_1_340' title='bbox 1117 1582 1236 1620; x_wconf 79' lang='lat' dir='ltr'>diuinae,</span> <span class='ocrx_word' id='word_1_341' title='bbox 1245 1580 1317 1614; x_wconf 86' lang='lat' dir='ltr'>ficut</span> <span class='ocrx_word' id='word_1_342' title='bbox 1325 1593 1380 1613; x_wconf 88' lang='lat' dir='ltr'>nec</span> <span class='ocrx_word' id='word_1_343' title='bbox 1389 1584 1417 1613; x_wconf 88' lang='lat' dir='ltr'>in</span> <span class='ocrx_word' id='word_1_344' title='bbox 1426 1581 1632 1621; x_wconf 81' lang='lat' dir='ltr'>rationalibus,</span> <span class='ocrx_word' id='word_1_345' title='bbox 1640 1583 1712 1615; x_wconf 85' lang='lat' dir='ltr'>ficut</span> <span class='ocrx_word' id='word_1_346' title='bbox 1720 1581 1806 1625; x_wconf 91' lang='lat' dir='ltr'>quin-</span> 
     </span>
     <span class='ocr_line' id='line_1_29' title="bbox 326 1625 1808 1671; baseline -0.004 -7"><span class='ocrx_word' id='word_1_347' title='bbox 326 1642 392 1664; x_wconf 84' lang='lat' dir='ltr'>tum</span> <span class='ocrx_word' id='word_1_348' title='bbox 403 1630 434 1663; x_wconf 73' lang='grc' dir='ltr'>ὅ(</span> <span class='ocrx_word' id='word_1_349' title='bbox 442 1640 560 1661; x_wconf 86' lang='lat' dir='ltr'>nonum</span> <span class='ocrx_word' id='word_1_350' title='bbox 570 1628 657 1661; x_wconf 88' lang='lat' dir='ltr'>huius</span> <span class='ocrx_word' id='word_1_351' title='bbox 667 1626 839 1665; x_wconf 85' lang='lat' dir='ltr'>ostendunt,</span> <span class='ocrx_word' id='word_1_352' title='bbox 849 1637 905 1658; x_wconf 89' lang='lat' dir='ltr'>nec</span> <span class='ocrx_word' id='word_1_353' title='bbox 913 1628 953 1659; x_wconf 84' lang='lat' dir='ltr'>est</span> <span class='ocrx_word' id='word_1_354' title='bbox 962 1629 990 1659; x_wconf 86' lang='lat' dir='ltr'>in</span> <span class='ocrx_word' id='word_1_355' title='bbox 1001 1628 1042 1659; x_wconf 89' lang='lat' dir='ltr'>eis</span> <span class='ocrx_word' id='word_1_356' title='bbox 1050 1626 1167 1660; x_wconf 86' lang='lat' dir='ltr'>libertas</span> <span class='ocrx_word' id='word_1_357' title='bbox 1176 1629 1193 1659; x_wconf 73' lang='lat' dir='ltr'>a</span> <span class='ocrx_word' id='word_1_358' title='bbox 1203 1625 1377 1661; x_wconf 85' lang='lat' dir='ltr'>necessitate</span> <span class='ocrx_word' id='word_1_359' title='bbox 1384 1628 1586 1667; x_wconf 83' lang='lat' dir='ltr'>naturae‚sicut</span> <span class='ocrx_word' id='word_1_360' title='bbox 1596 1629 1721 1671; x_wconf 74' lang='lat' dir='ltr'>prael&#39;ens</span> <span class='ocrx_word' id='word_1_361' title='bbox 1729 1627 1808 1669; x_wconf 90' lang='lat' dir='ltr'>capi-</span> 
     </span>
     <span class='ocr_line' id='line_1_30' title="bbox 327 1671 1807 1718; baseline -0.003 -10"><span class='ocrx_word' id='word_1_362' title='bbox 327 1677 425 1708; x_wconf 87' lang='lat' dir='ltr'>tulum</span> <span class='ocrx_word' id='word_1_363' title='bbox 433 1676 565 1718; x_wconf 83' lang='lat' dir='ltr'>superius</span> <span class='ocrx_word' id='word_1_364' title='bbox 573 1674 788 1707; x_wconf 85' lang='lat' dir='ltr'>demonstrauit</span> <span class='ocrx_word' id='word_1_365' title='bbox 797 1686 807 1711; x_wconf 78' lang='lat'>3</span> <span class='ocrx_word' id='word_1_366' title='bbox 818 1684 909 1716; x_wconf 80' lang='lat' dir='ltr'>quare</span> <span class='ocrx_word' id='word_1_367' title='bbox 917 1684 973 1705; x_wconf 93' lang='lat' dir='ltr'>nec</span> <span class='ocrx_word' id='word_1_368' title='bbox 982 1673 1076 1716; x_wconf 84' lang='lat' dir='ltr'>potest</span> <span class='ocrx_word' id='word_1_369' title='bbox 1085 1673 1142 1705; x_wconf 80' lang='lat' dir='ltr'>effe</span> <span class='ocrx_word' id='word_1_370' title='bbox 1149 1673 1179 1705; x_wconf 93' lang='lat' dir='ltr'>in</span> <span class='ocrx_word' id='word_1_371' title='bbox 1190 1675 1231 1706; x_wconf 90' lang='lat' dir='ltr'>eis</span> <span class='ocrx_word' id='word_1_372' title='bbox 1239 1671 1356 1706; x_wconf 83' lang='lat' dir='ltr'>libertas</span> <span class='ocrx_word' id='word_1_373' title='bbox 1364 1674 1613 1706; x_wconf 55' lang='lat' dir='ltr'>contradictionis</span> <span class='ocrx_word' id='word_1_374' title='bbox 1624 1672 1807 1716; x_wconf 82' lang='lat' dir='ltr'>fimplicirer,</span> 
     </span>
     <span class='ocr_line' id='line_1_31' title="bbox 327 1717 1809 1763; baseline -0.003 -9"><span class='ocrx_word' id='word_1_375' title='bbox 327 1733 383 1754; x_wconf 89' lang='lat' dir='ltr'>nec</span> <span class='ocrx_word' id='word_1_376' title='bbox 393 1723 524 1763; x_wconf 55' lang='lat' dir='ltr'>respectu</span> <span class='ocrx_word' id='word_1_377' title='bbox 532 1731 585 1752; x_wconf 90' lang='lat' dir='ltr'>om</span> <span class='ocrx_word' id='word_1_378' title='bbox 591 1721 671 1752; x_wconf 89' lang='lat' dir='ltr'>nium</span> <span class='ocrx_word' id='word_1_379' title='bbox 682 1717 757 1750; x_wconf 86' lang='lat' dir='ltr'>caus</span> <span class='ocrx_word' id='word_1_380' title='bbox 753 1729 835 1751; x_wconf 82' lang='lat' dir='ltr'>arum</span> <span class='ocrx_word' id='word_1_381' title='bbox 845 1717 1035 1758; x_wconf 83' lang='lat' dir='ltr'>inferiorum,</span> <span class='ocrx_word' id='word_1_382' title='bbox 1043 1720 1183 1751; x_wconf 90' lang='lat' dir='ltr'>omniurn</span> <span class='ocrx_word' id='word_1_383' title='bbox 1192 1718 1301 1751; x_wconf 89' lang='lat' dir='ltr'>scilicet</span> <span class='ocrx_word' id='word_1_384' title='bbox 1310 1718 1515 1756; x_wconf 85' lang='lat' dir='ltr'>secundarum,</span> <span class='ocrx_word' id='word_1_385' title='bbox 1533 1718 1603 1752; x_wconf 80' lang='lat' dir='ltr'>,ficut</span> <span class='ocrx_word' id='word_1_386' title='bbox 1613 1718 1809 1752; x_wconf 82' lang='lat' dir='ltr'>corollarium</span> 
     </span>
     <span class='ocr_line' id='line_1_32' title="bbox 329 1763 1810 1811; baseline -0.003 -11"><span class='ocrx_word' id='word_1_387' title='bbox 329 1768 425 1811; x_wconf 84' lang='lat' dir='ltr'>quarti</span> <span class='ocrx_word' id='word_1_388' title='bbox 433 1766 522 1798; x_wconf 88' lang='lat' dir='ltr'>huius</span> <span class='ocrx_word' id='word_1_389' title='bbox 532 1767 670 1799; x_wconf 87' lang='lat' dir='ltr'>ostendit.</span> <span class='ocrx_word' id='word_1_390' title='bbox 687 1764 898 1797; x_wconf 85' lang='lat' dir='ltr'>Differentiam</span> <span class='ocrx_word' id='word_1_391' title='bbox 907 1774 1007 1797; x_wconf 79' lang='lat' dir='ltr'>autem</span> <span class='ocrx_word' id='word_1_392' title='bbox 1024 1765 1054 1800; x_wconf 70' lang='grc' dir='ltr'>ὃ(</span> <span class='ocrx_word' id='word_1_393' title='bbox 1070 1766 1311 1797; x_wconf 83' lang='lat' dir='ltr'>conuenientiam</span> <span class='ocrx_word' id='word_1_394' title='bbox 1329 1765 1447 1797; x_wconf 80' lang='lat' dir='ltr'>illarum</span> <span class='ocrx_word' id='word_1_395' title='bbox 1463 1764 1631 1798; x_wconf 85' lang='lat' dir='ltr'>libertatum</span> <span class='ocrx_word' id='word_1_396' title='bbox 1638 1763 1810 1798; x_wconf 85' lang='lat' dir='ltr'>adinuicem</span> 
     </span>
     <span class='ocr_line' id='line_1_33' title="bbox 327 1808 936 1856; baseline -0.007 -9"><span class='ocrx_word' id='word_1_397' title='bbox 327 1824 365 1847; x_wconf 84' lang='lat' dir='ltr'>ex</span> <span class='ocrx_word' id='word_1_398' title='bbox 374 1811 610 1856; x_wconf 84' lang='lat' dir='ltr'>praecedentibus</span> <span class='ocrx_word' id='word_1_399' title='bbox 616 1821 724 1854; x_wconf 88' lang='lat' dir='ltr'>reputo</span> <span class='ocrx_word' id='word_1_400' title='bbox 734 1808 936 1843; x_wconf 76' lang='lat' dir='ltr'>manifestum.</span> 
     </span>
    </p>
   </div>
   <div class='ocr_carea' id='block_1_6' title="bbox 534 1896 1502 1905">
    <p class='ocr_par' dir='ltr' id='par_1_8' title="bbox 534 1896 1502 1905">
     <span class='ocr_line' id='line_1_34' title="bbox 534 1896 1502 1905; baseline 0 0"><span class='ocrx_word' id='word_1_401' title='bbox 534 1896 1502 1905; x_wconf 95' lang='lat' dir='ltr'> </span> 
     </span>
    </p>
   </div>
   <div class='ocr_carea' id='block_1_7' title="bbox 884 1917 1865 1999">
    <p class='ocr_par' dir='ltr' id='par_1_9' title="bbox 884 1917 1865 1999">
     <span class='ocr_line' id='line_1_35' title="bbox 884 1917 1865 1999; baseline 0 0"><span class='ocrx_word' id='word_1_402' title='bbox 884 1950 1051 1999; x_wconf 79' lang='lat' dir='ltr'>CAP.</span> <span class='ocrx_word' id='word_1_403' title='bbox 1112 1949 1243 1999; x_wconf 78' lang='lat' dir='ltr'>xii.</span> <span class='ocrx_word' id='word_1_404' title='bbox 1831 1917 1865 1950; x_wconf 77' lang='lat'>¹³</span> 
     </span>
    </p>
   </div>
   <div class='ocr_carea' id='block_1_8' title="bbox 386 2027 1813 2308">
    <p class='ocr_par' dir='ltr' id='par_1_10' title="bbox 386 2027 1813 2308">
     <span class='ocr_line' id='line_1_36' title="bbox 386 2027 1811 2103; baseline -0.004 -21"><span class='ocrx_word' id='word_1_405' title='bbox 386 2034 542 2103; x_wconf 74' lang='lat' dir='ltr'>Jncipit</span> <span class='ocrx_word' id='word_1_406' title='bbox 555 2032 750 2101; x_wconf 80' lang='lat' dir='ltr'>disputare</span> <span class='ocrx_word' id='word_1_407' title='bbox 769 2030 875 2079; x_wconf 75' lang='lat' dir='ltr'>illam</span> <span class='ocrx_word' id='word_1_408' title='bbox 887 2031 1185 2098; x_wconf 79' lang='lat' dir='ltr'>famofissimam</span> <span class='ocrx_word' id='word_1_409' title='bbox 1205 2031 1464 2098; x_wconf 65' lang='lat' dir='ltr'>quaestionem,</span> <span class='ocrx_word' id='word_1_410' title='bbox 1484 2027 1667 2098; x_wconf 83' lang='lat' dir='ltr'>nunquid</span> <span class='ocrx_word' id='word_1_411' title='bbox 1680 2032 1811 2078; x_wconf 83' lang='lat' dir='ltr'>omnia</span> 
     </span>
     <span class='ocr_line' id='line_1_37' title="bbox 449 2098 1810 2171; baseline -0.004 -19"><span class='ocrx_word' id='word_1_412' title='bbox 449 2123 532 2171; x_wconf 81' lang='lat' dir='ltr'>quae</span> <span class='ocrx_word' id='word_1_413' title='bbox 543 2099 783 2159; x_wconf 70' lang='lat' dir='ltr'>euenient‚de</span> <span class='ocrx_word' id='word_1_414' title='bbox 793 2100 1009 2165; x_wconf 67' lang='lat' dir='ltr'>necestitate</span> <span class='ocrx_word' id='word_1_415' title='bbox 1018 2103 1194 2147; x_wconf 73' lang='lat' dir='ltr'>euenient</span> <span class='ocrx_word' id='word_1_416' title='bbox 1207 2129 1221 2164; x_wconf 61' lang='lat'>‚-</span> <span class='ocrx_word' id='word_1_417' title='bbox 1247 2110 1303 2154; x_wconf 70' lang='lat'>(9¹</span> <span class='ocrx_word' id='word_1_418' title='bbox 1317 2105 1455 2149; x_wconf 72' lang='lat' dir='ltr'>recimt</span> <span class='ocrx_word' id='word_1_419' title='bbox 1472 2104 1680 2166; x_wconf 79' lang='lat' dir='ltr'>opinionem</span> <span class='ocrx_word' id='word_1_420' title='bbox 1694 2098 1810 2148; x_wconf 55' lang='lat' dir='ltr'>Ma»</span> 
     </span>
     <span class='ocr_line' id='line_1_38' title="bbox 448 2168 1813 2237; baseline -0.003 -16"><span class='ocrx_word' id='word_1_421' title='bbox 448 2172 742 2221; x_wconf 79' lang='lat' dir='ltr'>thematicorum</span> <span class='ocrx_word' id='word_1_422' title='bbox 744 2175 815 2232; x_wconf 75' lang='lat' dir='ltr'>seu</span> <span class='ocrx_word' id='word_1_423' title='bbox 823 2171 1036 2218; x_wconf 70' lang='lat' dir='ltr'>Stoicorum</span> <span class='ocrx_word' id='word_1_424' title='bbox 1048 2168 1255 2225; x_wconf 79' lang='lat' dir='ltr'>dicentem,</span> <span class='ocrx_word' id='word_1_425' title='bbox 1277 2169 1382 2236; x_wconf 76' lang='lat' dir='ltr'>quod</span> <span class='ocrx_word' id='word_1_426' title='bbox 1388 2174 1517 2218; x_wconf 86' lang='lat' dir='ltr'>omnia</span> <span class='ocrx_word' id='word_1_427' title='bbox 1529 2173 1813 2237; x_wconf 81' lang='lat' dir='ltr'>quaeeuenient,</span> 
     </span>
     <span class='ocr_line' id='line_1_39' title="bbox 449 2237 1339 2308; baseline -0.004 -17"><span class='ocrx_word' id='word_1_428' title='bbox 449 2245 625 2291; x_wconf 80' lang='lat' dir='ltr'>euenienc</span> <span class='ocrx_word' id='word_1_429' title='bbox 640 2240 687 2288; x_wconf 84' lang='lat' dir='ltr'>de</span> <span class='ocrx_word' id='word_1_430' title='bbox 699 2237 1339 2308; x_wconf 69' lang='lat' dir='ltr'>neccssz&#39;tatestmpliciterabsplum.</span> 
     </span>
    </p>
   </div>
   <div class='ocr_carea' id='block_1_9' title="bbox 338 2351 1826 2939">
    <p class='ocr_par' dir='ltr' id='par_1_11' title="bbox 338 2351 1826 2896">
     <span class='ocr_line' id='line_1_40' title="bbox 664 2351 1818 2396; baseline 0 -11"><span class='ocrx_word' id='word_1_431' title='bbox 664 2380 672 2383; x_wconf 82' lang='grc'>.</span> <span class='ocrx_word' id='word_1_432' title='bbox 704 2353 733 2385; x_wconf 90' lang='lat' dir='ltr'>Ic</span> <span class='ocrx_word' id='word_1_433' title='bbox 750 2363 853 2384; x_wconf 85' lang='lat' dir='ltr'>autem</span> <span class='ocrx_word' id='word_1_434' title='bbox 869 2363 907 2385; x_wconf 84' lang='lat' dir='ltr'>ex</span> <span class='ocrx_word' id='word_1_435' title='bbox 923 2353 1080 2396; x_wconf 80' lang='lat' dir='ltr'>praemissis</span> <span class='ocrx_word' id='word_1_436' title='bbox 1094 2363 1226 2396; x_wconf 90' lang='lat' dir='ltr'>patenter</span> <span class='ocrx_word' id='word_1_437' title='bbox 1240 2351 1391 2385; x_wconf 87' lang='lat' dir='ltr'>suboritur</span> <span class='ocrx_word' id='word_1_438' title='bbox 1405 2351 1455 2385; x_wconf 87' lang='lat' dir='ltr'>illa</span> <span class='ocrx_word' id='word_1_439' title='bbox 1469 2352 1667 2385; x_wconf 74' lang='lat' dir='ltr'>famosissima</span> <span class='ocrx_word' id='word_1_440' title='bbox 1681 2351 1818 2396; x_wconf 67' lang='lat' dir='ltr'>quaestio,</span> 
     </span>
     <span class='ocr_line' id='line_1_41' title="bbox 655 2396 1820 2442; baseline 0.001 -12"><span class='ocrx_word' id='word_1_441' title='bbox 655 2406 658 2408; x_wconf 70' lang='grc'><strong>’</strong></span> <span class='ocrx_word' id='word_1_442' title='bbox 748 2399 923 2431; x_wconf 84' lang='lat' dir='ltr'>acerrimum</span> <span class='ocrx_word' id='word_1_443' title='bbox 932 2399 1066 2435; x_wconf 82' lang='lat' dir='ltr'>axioma,</span> <span class='ocrx_word' id='word_1_444' title='bbox 1079 2396 1355 2442; x_wconf 87' lang='lat' dir='ltr'>difficillimumque</span> <span class='ocrx_word' id='word_1_445' title='bbox 1371 2397 1538 2442; x_wconf 86' lang='lat' dir='ltr'>problema,</span> <span class='ocrx_word' id='word_1_446' title='bbox 1554 2399 1702 2441; x_wconf 90' lang='lat' dir='ltr'>Nunquid</span> <span class='ocrx_word' id='word_1_447' title='bbox 1713 2397 1820 2430; x_wconf 82' lang='lat' dir='ltr'>scilicet</span> 
     </span>
     <span class='ocr_line' id='line_1_42' title="bbox 749 2442 1819 2489; baseline 0.001 -15"><span class='ocrx_word' id='word_1_448' title='bbox 749 2445 855 2475; x_wconf 85' lang='lat' dir='ltr'>omnia</span> <span class='ocrx_word' id='word_1_449' title='bbox 863 2456 930 2489; x_wconf 78' lang='lat' dir='ltr'>qua:</span> <span class='ocrx_word' id='word_1_450' title='bbox 939 2445 1095 2480; x_wconf 86' lang='lat' dir='ltr'>eueniunt,</span> <span class='ocrx_word' id='word_1_451' title='bbox 1104 2443 1142 2476; x_wconf 92' lang='lat' dir='ltr'>de</span> <span class='ocrx_word' id='word_1_452' title='bbox 1150 2442 1318 2477; x_wconf 85' lang='lat' dir='ltr'>necessitate</span> <span class='ocrx_word' id='word_1_453' title='bbox 1327 2448 1482 2477; x_wconf 84' lang='lat' dir='ltr'>euenient?</span> <span class='ocrx_word' id='word_1_454' title='bbox 1500 2443 1601 2477; x_wconf 82' lang='lat' dir='ltr'>Restat</span> <span class='ocrx_word' id='word_1_455' title='bbox 1610 2445 1698 2486; x_wconf 84' lang='lat' dir='ltr'>igitur</span> <span class='ocrx_word' id='word_1_456' title='bbox 1707 2445 1766 2476; x_wconf 84' lang='lat' dir='ltr'>iam</span> <span class='ocrx_word' id='word_1_457' title='bbox 1773 2444 1819 2486; x_wconf 86' lang='lat' dir='ltr'>ip-</span> 
     </span>
     <span class='ocr_line' id='line_1_43' title="bbox 750 2485 1821 2533; baseline 0 -13"><span class='ocrx_word' id='word_1_458' title='bbox 750 2491 812 2521; x_wconf 81' lang='lat' dir='ltr'>ium</span> <span class='ocrx_word' id='word_1_459' title='bbox 823 2488 963 2521; x_wconf 84' lang='lat' dir='ltr'>discutere</span> <span class='ocrx_word' id='word_1_460' title='bbox 973 2485 1196 2531; x_wconf 88' lang='lat' dir='ltr'>consequenter.</span> <span class='ocrx_word' id='word_1_461' title='bbox 1220 2490 1297 2522; x_wconf 88' lang='lat' dir='ltr'>Sunt</span> <span class='ocrx_word' id='word_1_462' title='bbox 1306 2499 1405 2522; x_wconf 85' lang='lat' dir='ltr'>autem</span> <span class='ocrx_word' id='word_1_463' title='bbox 1423 2489 1584 2533; x_wconf 86' lang='lat' dir='ltr'>opiniones</span> <span class='ocrx_word' id='word_1_464' title='bbox 1593 2491 1680 2522; x_wconf 81' lang='lat' dir='ltr'>variae</span> <span class='ocrx_word' id='word_1_465' title='bbox 1690 2489 1720 2522; x_wconf 75' lang='grc' dir='ltr'>ὃ(</span> <span class='ocrx_word' id='word_1_466' title='bbox 1729 2489 1821 2532; x_wconf 86' lang='lat' dir='ltr'>pluri-</span> 
     </span>
     <span class='ocr_line' id='line_1_44' title="bbox 751 2531 1820 2578; baseline 0.002 -14"><span class='ocrx_word' id='word_1_467' title='bbox 751 2544 806 2566; x_wconf 87' lang='lat' dir='ltr'>mae</span> <span class='ocrx_word' id='word_1_468' title='bbox 823 2536 898 2567; x_wconf 80' lang='lat' dir='ltr'>circa</span> <span class='ocrx_word' id='word_1_469' title='bbox 913 2534 985 2567; x_wconf 87' lang='lat' dir='ltr'>illud</span> <span class='ocrx_word' id='word_1_470' title='bbox 1001 2547 1008 2565; x_wconf 73' lang='grc' dir='ltr'><em>ε</em></span> <span class='ocrx_word' id='word_1_471' title='bbox 1027 2544 1150 2576; x_wconf 84' lang='lat' dir='ltr'>quarum</span> <span class='ocrx_word' id='word_1_472' title='bbox 1168 2535 1261 2577; x_wconf 85' lang='lat' dir='ltr'>prima</span> <span class='ocrx_word' id='word_1_473' title='bbox 1277 2536 1445 2568; x_wconf 84' lang='lat' dir='ltr'>constanter</span> <span class='ocrx_word' id='word_1_474' title='bbox 1459 2531 1601 2570; x_wconf 77' lang='lat' dir='ltr'>affirmat,</span> <span class='ocrx_word' id='word_1_475' title='bbox 1620 2533 1705 2578; x_wconf 72' lang='lat' dir='ltr'>quod</span> <span class='ocrx_word' id='word_1_476' title='bbox 1713 2534 1820 2566; x_wconf 86' lang='lat' dir='ltr'>omnia</span> 
     </span>
     <span class='ocr_line' id='line_1_45' title="bbox 751 2578 1819 2623; baseline -0.001 -12"><span class='ocrx_word' id='word_1_477' title='bbox 751 2590 815 2622; x_wconf 83' lang='lat' dir='ltr'>quae</span> <span class='ocrx_word' id='word_1_478' title='bbox 824 2581 973 2617; x_wconf 76' lang='lat' dir='ltr'>euenienr,</span> <span class='ocrx_word' id='word_1_479' title='bbox 991 2581 1130 2612; x_wconf 86' lang='lat' dir='ltr'>euenienr</span> <span class='ocrx_word' id='word_1_480' title='bbox 1145 2579 1183 2612; x_wconf 88' lang='lat' dir='ltr'>de</span> <span class='ocrx_word' id='word_1_481' title='bbox 1193 2581 1363 2614; x_wconf 85' lang='lat' dir='ltr'>necessitate</span> <span class='ocrx_word' id='word_1_482' title='bbox 1372 2581 1486 2623; x_wconf 86' lang='lat' dir='ltr'>penitus</span> <span class='ocrx_word' id='word_1_483' title='bbox 1496 2579 1639 2612; x_wconf 80' lang='lat' dir='ltr'>absoluta.</span> <span class='ocrx_word' id='word_1_484' title='bbox 1662 2579 1701 2611; x_wconf 86' lang='lat' dir='ltr'>Et</span> <span class='ocrx_word' id='word_1_485' title='bbox 1710 2578 1772 2611; x_wconf 88' lang='lat' dir='ltr'>haec</span> <span class='ocrx_word' id='word_1_486' title='bbox 1779 2578 1819 2610; x_wconf 88' lang='lat' dir='ltr'>est</span> 
     </span>
     <span class='ocr_line' id='line_1_46' title="bbox 750 2623 1821 2668; baseline 0 -12"><span class='ocrx_word' id='word_1_487' title='bbox 750 2626 857 2667; x_wconf 87' lang='lat' dir='ltr'>opinio</span> <span class='ocrx_word' id='word_1_488' title='bbox 867 2623 1154 2657; x_wconf 85' lang='lat' dir='ltr'>Mathematicorum</span> <span class='ocrx_word' id='word_1_489' title='bbox 1165 2625 1400 2667; x_wconf 64' lang='lat' dir='ltr'>quorundum&amp;</span> <span class='ocrx_word' id='word_1_490' title='bbox 1408 2627 1587 2668; x_wconf 85' lang='lat' dir='ltr'>ponentium</span> <span class='ocrx_word' id='word_1_491' title='bbox 1600 2625 1692 2657; x_wconf 83' lang='lat' dir='ltr'>fatum</span> <span class='ocrx_word' id='word_1_492' title='bbox 1702 2636 1710 2658; x_wconf 89' lang='lat'>;</span> <span class='ocrx_word' id='word_1_493' title='bbox 1727 2634 1821 2667; x_wconf 82' lang='lat' dir='ltr'>quam</span> 
     </span>
     <span class='ocr_line' id='line_1_47' title="bbox 751 2669 1821 2714; baseline -0.003 -10"><span class='ocrx_word' id='word_1_494' title='bbox 751 2670 780 2704; x_wconf 68' lang='grc' dir='ltr'>ὅ(</span> <span class='ocrx_word' id='word_1_495' title='bbox 792 2671 913 2703; x_wconf 81' lang='lat' dir='ltr'>Boetius</span> <span class='ocrx_word' id='word_1_496' title='bbox 924 2671 1008 2714; x_wconf 86' lang='lat' dir='ltr'>super</span> <span class='ocrx_word' id='word_1_497' title='bbox 1017 2679 1028 2701; x_wconf 90' lang='lat' dir='ltr'>i</span> <span class='ocrx_word' id='word_1_498' title='bbox 1039 2673 1111 2712; x_wconf 64' lang='lat' dir='ltr'>,peri</span> <span class='ocrx_word' id='word_1_499' title='bbox 1118 2669 1286 2704; x_wconf 86' lang='lat' dir='ltr'>hermenias</span> <span class='ocrx_word' id='word_1_500' title='bbox 1295 2669 1389 2703; x_wconf 77' lang='lat' dir='ltr'>asserit</span> <span class='ocrx_word' id='word_1_501' title='bbox 1397 2671 1578 2702; x_wconf 81' lang='lat' dir='ltr'>Stoicorum.</span> <span class='ocrx_word' id='word_1_502' title='bbox 1588 2669 1645 2702; x_wconf 82' lang='lat' dir='ltr'>Pro</span> <span class='ocrx_word' id='word_1_503' title='bbox 1656 2669 1712 2701; x_wconf 79' lang='lat' dir='ltr'>hac</span> <span class='ocrx_word' id='word_1_504' title='bbox 1719 2679 1821 2702; x_wconf 86' lang='lat' dir='ltr'>autern</span> 
     </span>
     <span class='ocr_line' id='line_1_48' title="bbox 750 2714 1824 2758; baseline -0.002 -12"><span class='ocrx_word' id='word_1_505' title='bbox 750 2717 898 2757; x_wconf 87' lang='lat' dir='ltr'>opinione</span> <span class='ocrx_word' id='word_1_506' title='bbox 907 2716 1160 2748; x_wconf 65' lang='lat' dir='ltr'>communissima</span> <span class='ocrx_word' id='word_1_507' title='bbox 1169 2718 1286 2748; x_wconf 74' lang='lat' dir='ltr'>motivfi</span> <span class='ocrx_word' id='word_1_508' title='bbox 1296 2716 1336 2748; x_wconf 88' lang='lat' dir='ltr'>est</span> <span class='ocrx_word' id='word_1_509' title='bbox 1345 2715 1614 2758; x_wconf 73' lang='lat' dir='ltr'>istud2Quaecunq3</span> <span class='ocrx_word' id='word_1_510' title='bbox 1622 2716 1704 2748; x_wconf 90' lang='lat' dir='ltr'>Deus</span> <span class='ocrx_word' id='word_1_511' title='bbox 1713 2714 1824 2758; x_wconf 80' lang='lat' dir='ltr'>praescie</span> 
     </span>
     <span class='ocr_line' id='line_1_49' title="bbox 340 2758 1823 2805; baseline -0.001 -14"><span class='ocrx_word' id='word_1_512' title='bbox 340 2758 583 2792; x_wconf 86' lang='lat' dir='ltr'>certitudinaliter</span> <span class='ocrx_word' id='word_1_513' title='bbox 592 2770 744 2796; x_wconf 82' lang='lat' dir='ltr'>euentura,</span> <span class='ocrx_word' id='word_1_514' title='bbox 761 2762 899 2794; x_wconf 81' lang='lat' dir='ltr'>cuenicnt</span> <span class='ocrx_word' id='word_1_515' title='bbox 917 2761 953 2793; x_wconf 89' lang='lat' dir='ltr'>de</span> <span class='ocrx_word' id='word_1_516' title='bbox 972 2761 1145 2794; x_wconf 83' lang='lat' dir='ltr'>necessitate</span> <span class='ocrx_word' id='word_1_517' title='bbox 1155 2763 1273 2803; x_wconf 83' lang='lat' dir='ltr'>penitus</span> <span class='ocrx_word' id='word_1_518' title='bbox 1283 2760 1416 2794; x_wconf 86' lang='lat' dir='ltr'>absoluta</span> <span class='ocrx_word' id='word_1_519' title='bbox 1427 2775 1437 2799; x_wconf 85' lang='lat'>;</span> <span class='ocrx_word' id='word_1_520' title='bbox 1454 2762 1535 2794; x_wconf 83' lang='lat' dir='ltr'>aliter</span> <span class='ocrx_word' id='word_1_521' title='bbox 1542 2763 1621 2794; x_wconf 89' lang='lat' dir='ltr'>enirn</span> <span class='ocrx_word' id='word_1_522' title='bbox 1631 2769 1823 2805; x_wconf 84' lang='lat' dir='ltr'>nequaquam</span> 
     </span>
     <span class='ocr_line' id='line_1_50' title="bbox 338 2803 1825 2850; baseline -0.001 -14"><span class='ocrx_word' id='word_1_523' title='bbox 338 2805 418 2836; x_wconf 73' lang='lat' dir='ltr'>certe</span> <span class='ocrx_word' id='word_1_524' title='bbox 429 2804 681 2848; x_wconf 74' lang='lat' dir='ltr'>praesciret,eiusq;</span> <span class='ocrx_word' id='word_1_525' title='bbox 692 2804 874 2849; x_wconf 73' lang='lat' dir='ltr'>prrescientia</span> <span class='ocrx_word' id='word_1_526' title='bbox 883 2806 943 2839; x_wconf 65' lang='lat' dir='ltr'>filli</span> <span class='ocrx_word' id='word_1_527' title='bbox 953 2803 1050 2850; x_wconf 79' lang='lat' dir='ltr'>poffet</span> <span class='ocrx_word' id='word_1_528' title='bbox 1061 2818 1068 2837; x_wconf 90' lang='lat'>:</span> <span class='ocrx_word' id='word_1_529' title='bbox 1079 2805 1127 2838; x_wconf 83' lang='lat' dir='ltr'>led</span> <span class='ocrx_word' id='word_1_530' title='bbox 1136 2810 1240 2838; x_wconf 84' lang='lat' dir='ltr'>omnia</span> <span class='ocrx_word' id='word_1_531' title='bbox 1249 2819 1306 2850; x_wconf 69' lang='lat' dir='ltr'>que</span> <span class='ocrx_word' id='word_1_532' title='bbox 1315 2807 1547 2845; x_wconf 82' lang='lat' dir='ltr'>euenient‚Deus</span> <span class='ocrx_word' id='word_1_533' title='bbox 1556 2805 1670 2850; x_wconf 84' lang='lat' dir='ltr'>praescit</span> <span class='ocrx_word' id='word_1_534' title='bbox 1677 2805 1825 2838; x_wconf 88' lang='lat' dir='ltr'>certitudi-</span> 
     </span>
     <span class='ocr_line' id='line_1_51' title="bbox 341 2849 1826 2896; baseline 0.001 -15"><span class='ocrx_word' id='word_1_535' title='bbox 341 2849 447 2881; x_wconf 81' lang='lat' dir='ltr'>naliter</span> <span class='ocrx_word' id='word_1_536' title='bbox 454 2861 607 2884; x_wconf 79' lang='lat' dir='ltr'>euentura.</span> <span class='ocrx_word' id='word_1_537' title='bbox 627 2850 728 2890; x_wconf 90' lang='lat' dir='ltr'>Quod</span> <span class='ocrx_word' id='word_1_538' title='bbox 738 2851 767 2885; x_wconf 73' lang='grc' dir='ltr'>ὃ(</span> <span class='ocrx_word' id='word_1_539' title='bbox 776 2852 872 2896; x_wconf 84' lang='lat' dir='ltr'>potest</span> <span class='ocrx_word' id='word_1_540' title='bbox 882 2852 1046 2885; x_wconf 87' lang='lat' dir='ltr'>violentius</span> <span class='ocrx_word' id='word_1_541' title='bbox 1055 2850 1268 2889; x_wconf 85' lang='lat' dir='ltr'>confirmari,si</span> <span class='ocrx_word' id='word_1_542' title='bbox 1279 2851 1407 2885; x_wconf 83' lang='lat' dir='ltr'>addatur</span> <span class='ocrx_word' id='word_1_543' title='bbox 1415 2852 1563 2886; x_wconf 82' lang='lat' dir='ltr'>scientiam</span> <span class='ocrx_word' id='word_1_544' title='bbox 1571 2852 1628 2885; x_wconf 86' lang='lat' dir='ltr'>Dei</span> <span class='ocrx_word' id='word_1_545' title='bbox 1638 2850 1722 2884; x_wconf 91' lang='lat' dir='ltr'>nullo</span> <span class='ocrx_word' id='word_1_546' title='bbox 1728 2849 1826 2883; x_wconf 89' lang='lat' dir='ltr'>modo</span> 
     </span>
    </p>

    <p class='ocr_par' dir='ltr' id='par_1_12' title="bbox 1652 2895 1825 2939">
     <span class='ocr_line' id='line_1_52' title="bbox 1652 2895 1825 2939; baseline -0.012 -11"><span class='ocrx_word' id='word_1_547' title='bbox 1652 2895 1825 2939; x_wconf 82' lang='lat' dir='ltr'>dependere</span> 
     </span>
    </p>
   </div>
   <div class='ocr_carea' id='block_1_10' title="bbox 339 2358 701 2710">
    <p class='ocr_par' dir='ltr' id='par_1_13' title="bbox 339 2358 701 2710">
     <span class='ocr_line' id='line_1_53' title="bbox 339 2358 701 2710; baseline 0 420"><span class='ocrx_word' id='word_1_548' title='bbox 339 2358 701 2710; x_wconf 95' lang='lat' dir='ltr'> </span> 
     </span>
    </p>
   </div>
  </div>
 </body>
</html>
