1985 3130
199 172 290 235 728
841 157 1008 209 ‘I'bomae
1016 155 1301 209 Bradwardini
1674 156 1721 207 L
1735 178 1747 206 ι
1763 178 1846 221 n.3.

311 261 436 295 Christo
446 260 607 294 secundum
616 268 752 292 naturam
762 256 923 290 humanam
941 269 949 288 ε
967 255 1037 288 alias
1047 255 1129 286 enim
1144 255 1174 287 in
1191 255 1301 286 merito
1309 265 1372 286 non
1380 251 1561 298 profecisset,
1573 264 1678 288 contra
1687 266 1795 288 omnes
1815 253 1844 284 A

310 311 464 342 Doctores
474 305 657 339 Catholicos
667 303 741 337 illud
752 302 828 336 Luc.
839 313 866 335 2.
876 300 952 336 Iesus
960 299 1138 345 proficiebat
1147 299 1303 344 sapientia,
1319 309 1416 337 aetate,
1430 298 1461 333 ὃ(
1469 302 1561 343 gratia
1569 301 1648 343 apud
1658 303 1756 334 Deum
1766 306 1798 336 δι

312 351 629 389 homines‚Catholice
642 359 828 394 exponentes
839 358 987 392 3quorum
996 345 1110 380 multos
1119 344 1159 378 ibi
1168 346 1269 378 recitat
1278 342 1371 389 glossa
1380 344 1604 382 Thomae,solus
1611 358 1711 380 autem
1722 347 1798 379 Am—

313 400 430 433 brofius
438 399 556 431 videtur
565 398 667 430 sentite
677 396 861 428 contrarium
872 408 881 433 ς
897 391 946 426 sed
955 392 1060 425 Petrus
1070 402 1099 432 3.
1110 391 1182 424 sent.
1192 390 1257 426 dist.
1270 401 1277 421 i
1290 401 1316 433 3.
1327 391 1425 436 ipsum
1433 390 1592 424 reducitad
1603 392 1798 426 concordiam

314 446 451 479 aliorum.
471 444 544 477 Hoc
553 443 630 476 idem
641 453 721 476 tenet
730 442 896 484 Gregorius
906 437 991 482 super
998 437 1137 470 Ezechiel
1150 447 1162 468 1
1170 461 1178 470 .
1188 436 1297 470 homil.
1307 442 1336 470 6.
1350 447 1440 480 quem
1450 436 1479 470 ὃ(
1489 438 1593 471 recitat
1601 438 1682 471 idem
1693 438 1798 472 Petrus

313 490 425 524 eodem
438 500 466 531 3.
486 489 677 522 distfflffioue
689 486 738 521 18.
755 490 808 532 qui
824 487 855 520 ὃ(
870 495 998 528 Vtraque
1006 483 1430 527 distinffionepraediftardcm
1439 483 1606 516 ostendit&
1616 495 1704 517 tenet.
1729 484 1800 518 Hoc

312 539 402 571 etiam
413 546 509 568 totum
519 534 617 578 potest
627 532 731 566 habeti
739 543 775 566 ex
784 529 954 564 ostenfione
964 531 1065 563 ostani
1082 528 1230 566 corollarii
1242 553 1250 566 ,
1267 528 1362 572 quinti
1378 528 1477 562 huius.
1502 529 1577 562 Item
1593 531 1643 573 qui
1658 530 1741 562 istam
1752 542 1803 564 ne-

315 582 480 616 cessitatem
499 583 528 612 in
547 580 660 612 mentis
678 578 742 611 vult
759 578 871 615 vitare,
896 586 990 621 ponet
1001 586 1069 607 cum
1088 575 1212 617 Pelagio
1229 573 1372 607 haercu‘co
1389 585 1493 606 eontra
1507 576 1663 607 veritatem
1678 576 1804 609 catholi-

315 640 394 662 cam.
404 628 508 660 metita
517 627 614 659 nostra
625 635 814 668 nequaquam
826 623 843 655 Ξι
852 621 986 659 Deo‚sed
996 631 1108 654 tantum
1118 621 1134 652 a
1145 621 1247 653 nostro
1255 620 1352 653 libero
1361 618 1484 652 arbitrio
1494 619 1654 663 proficisci,
1668 619 1742 653 ficut
1751 632 1804 666 pa-

316 685 357 708 tet
367 672 546 717 perbeatum
563 671 764 714 Augustinum
774 669 812 701 de
828 670 920 713 gratia
930 666 1064 702 &libero
1078 665 1200 699 arbitrio
1219 668 1365 705 16.&17.
1376 664 1447 698 ficut
1463 664 1648 709 trigesimum
1659 669 1802 702 octauum

317 721 407 763 primi
417 717 692 763 pleniirsallegauit:
703 715 787 761 quod
797 715 827 749 ὃ(
835 715 931 757 potest
940 714 1072 745 constare
1079 723 1116 744 ex
1126 723 1178 754 45.
1188 716 1218 746 δι
1226 714 1278 754 46.
1287 713 1373 756 primi
1389 715 1419 742 δι
1429 711 1496 749 alijs
1509 712 1582 744 locis
1591 712 1704 749 multis.
1725 715 1803 747 Item

316 765 415 798 nullus
426 774 527 808 peccat
537 760 628 796 nisiin
646 773 684 793 eo
693 760 778 805 quod
788 762 877 793 vitare
888 770 949 791 non
964 758 1071 801 potest,
1080 757 1182 790 saltem
1194 769 1250 801 pto
1265 759 1418 801 praesenti,
1439 759 1509 801 quia
1518 757 1618 791 nullus
1632 769 1735 802 peccat
1749 758 1803 792 nili

317 820 444 854 peccato
453 809 587 851 ptaesenti
597 831 607 847 ‚
623 807 707 851 quod
715 805 835 850 quando
845 807 884 838 est
894 829 902 840 ,
913 800 1026 837 neceffe
1035 805 1075 836 est
1082 801 1146 836 effe.
1167 802 1234 836 Etsi
1242 805 1312 848 quis
1328 802 1455 841 dixerit,
1472 803 1555 846 quod
1570 804 1651 846 prius
1660 806 1760 849 potuit
1769 807 1802 837 il-

318 855 371 889 lud
380 856 483 887 vitasse
493 879 501 891 ‚
517 865 577 886 non
589 854 672 886 instat
681 863 737 884 nec
747 851 925 895 respondet,
936 851 1002 893 quia
1012 848 1063 881 etli
1074 849 1153 893 prius
1164 859 1275 893 potuit,
1283 859 1363 881 nunc
1371 859 1434 881 non
1444 849 1552 892 potess;
1563 859 1626 882 non
1637 861 1710 894 ergo
1719 852 1805 888 vitat,

320 912 392 946 quin
410 911 513 934 omnis
539 898 590 943 qui
599 909 717 943 peccat,
737 899 873 942 peccatin
891 909 927 930 eo
938 895 1022 939 quod
1037 896 1127 927 vitare
1141 905 1204 927 non
1222 894 1329 938 potest.
1350 894 1513 926 Hocidem
1530 895 1623 937 potest
1641 897 1807 931 euidentius

320 949 402 990 argui
412 946 450 979 de
459 955 605 990 peccante
613 945 643 976 in
654 945 753 986 primo
763 942 1050 975 instanti-adustionis
1060 941 1242 979 Lcurationis
1251 941 1267 971 a
1278 939 1352 972 furia
1362 964 1371 977 ,
1387 938 1433 972 seu
1443 941 1643 984 euigilationis
1653 942 1669 973 a
1687 945 1807 984 sumno,

320 996 368 1026 vel
379 994 468 1024 etiam
479 991 595 1023 instanti
605 991 748 1034 primario
759 987 799 1021 sui
807 986 862 1021 effe
873 1001 880 1018 ι
893 987 966 1020 Hoc
975 989 1055 1018 enirn
1066 986 1184 1019 videtur
1192 982 1334 1029 possibile
1341 984 1379 1017 de
1388 996 1507 1028 peccare
1517 1010 1524 1022 ‚
1549 985 1618 1018 curn
1629 985 1660 1019 lit
1668 988 1808 1030 possibile

323 1039 360 1071 de
370 1049 488 1076 mereti,
499 1037 569 1069 sicut
578 1035 709 1080 superius
718 1035 757 1067 est
767 1034 928 1067 ostentum.
949 1033 1024 1065 Item
1034 1033 1084 1075 qui
1093 1031 1132 1063 fic
1141 1032 1254 1075 arguit,
1264 1032 1416 1063 euidenter
1426 1032 1522 1064 innuit
1532 1036 1561 1063 δέ
1570 1031 1809 1078 supponit,quod

323 1082 554 1129 quilibethomo
562 1082 693 1124 propi-ijs
701 1079 816 1113 vitibus
825 1079 966 1113 diuinitus
974 1089 1037 1110 non
1049 1077 1169 1110 adiutus
1178 1079 1268 1120 possit
1278 1077 1475 1109 tentationem
1485 1075 1647 1120 quamlibet
1663 1078 1810 1124 superate,

323 1139 485 1174 peccatum
496 1125 653 1171 quodlibet
663 1128 773 1159 euitare
783 1149 790 1161 ,
799 1122 982 1168 perseuerare
992 1134 1114 1167 quoque
1124 1122 1252 1155 finaliter
1260 1121 1331 1156 exse
1339 1121 1419 1161 lolo,
1430 1133 1463 1155 ac
1473 1126 1561 1155 etiam
1573 1125 1692 1163 mereri,
1703 1126 1809 1169 &age-

324 1187 368 1214 re,
378 1175 426 1208 vel
438 1173 537 1206 fitltem
547 1183 698 1216 praeagerc
713 1170 863 1216 quidlibet
878 1181 914 1202 ex
925 1170 1018 1213 seipso
1035 1182 1042 1201 :
1063 1168 1135 1202 Hoc
1146 1179 1247 1200 autem
1260 1179 1336 1212 quot
1351 1166 1511 1201 haerescs&
1521 1179 1633 1201 errores
1647 1172 1808 1207 contineat,

324 1231 465 1264 quartum
486 1218 681 1251 secundicum
699 1220 805 1260 quinto
821 1213 1009 1260 sequentibus
1020 1239 1028 1251 ,
1042 1213 1226 1258 trigesimum
1242 1216 1384 1247 ostauum
1399 1215 1484 1256 primi
1499 1225 1567 1246 cum
1582 1215 1813 1259 quadrage-fimo

324 1268 433 1310 quinto
442 1269 471 1299 ὅ(
481 1264 712 1307 quadragesimo
722 1265 807 1296 sexto
817 1259 1113 1304 eiusdem‚vigefimo
1123 1258 1242 1293 secundi
1250 1270 1318 1291 cum
1328 1259 1460 1291 eiuidem
1470 1259 1669 1302 trigefimo,&
1677 1261 1812 1304 pluribus

324 1312 390 1349 alijs
400 1310 497 1342 lucide
507 1308 711 1342 manifestant.
739 1308 796 1341 His
804 1307 973 1341 autemillis
982 1304 1173 1349 argutoribus
1183 1329 1191 1342 ‚
1208 1312 1238 1339 δι
1247 1315 1353 1337 eorum
1363 1307 1542 1348 argumento
1553 1316 1605 1348 per
1615 1307 1696 1339 viam
1705 1308 1814 1341 instan-

325 1359 372 1390 tiae
380 1355 546 1399 redargutis
557 1379 565 1392 ‚
574 1357 633 1387 iam
643 1353 769 1398 superest
778 1354 875 1397 ipsum
891 1352 1002 1385 diree‘te
1012 1351 1126 1384 soluere
1140 1360 1351 1395 argumentum
1360 1375 1372 1390 ‚
1386 1352 1469 1382 euius
1478 1352 1557 1382 testa
1572 1350 1680 1384 solutio
1687 1353 1727 1385 est
1743 1364 1812 1397 pec·
1824 1351 1853 1383 C

325 1403 384 1435 cati
395 1404 457 1434 eius
466 1399 595 1434 ostcnfio
605 1412 613 1432 :
623 1400 728 1433 Peccat
741 1398 885 1443 siquidem
894 1397 1058 1431 mortaliter
1067 1394 1329 1438 insanabiliterque
1339 1397 1368 1428 in
1376 1395 1487 1432 forma,
1512 1393 1584 1429 sicut
1591 1397 1748 1443 corollaria
1755 1400 1814 1442 pri-

325 1450 367 1480 mi
377 1447 408 1481 &
418 1446 539 1479 lecundi
548 1447 634 1478 huius
644 1445 817 1479 ostendunt.
840 1446 1048 1478 Veruntamen
1059 1442 1211 1475 decimum
1221 1441 1308 1473 huius
1317 1452 1386 1474 cum
1395 1440 1449 1473 suo
1457 1440 1620 1474 corollario
1629 1443 1757 1475 multum
1767 1455 1813 1476 ar-

145 1513 171 1537 ,2
193 1506 307 1545 Expofi-
327 1492 494 1529 tificiofius,
504 1492 680 1525 elucidatius
691 1515 697 1527 ,
708 1490 873 1523 distinstius
883 1501 972 1533 atque
983 1486 1144 1520 formalius
1153 1485 1356 1531 respondebit.
1383 1486 1434 1519 Ad
1442 1487 1629 1520 autoritatem
1647 1488 1721 1521 vero
1735 1489 1815 1522 beati

143 1533 182 1580 [ὶό
208 1551 279 1589 Aug,
326 1538 527 1582 Augustini&
539 1537 576 1569 ad
586 1537 663 1571 alios
672 1535 777 1569 similes
786 1537 882 1580 potest
898 1534 1099 1578 multipliciter
1114 1533 1301 1577 responderi.
1341 1531 1449 1566 Primo
1459 1557 1467 1569 ‚
1481 1531 1568 1578 quod
1579 1535 1674 1576 potest
1689 1534 1816 1579 intelligi

328 1585 463 1628 congrue
471 1583 527 1615 isto
538 1582 649 1622 modo,
658 1582 740 1627 quod
751 1582 850 1615 nullus
858 1591 960 1624 peccat
970 1581 998 1612 in
1011 1591 1060 1618 eo,
1069 1578 1152 1624 quod
1163 1590 1226 1612 non
1236 1579 1305 1611 facit
1313 1578 1406 1611 libere
1414 1576 1551 1610 libertate
1568 1579 1815 1615 contradiffionis

327 1629 359 1663 ὅ(
371 1630 586 1673 contingenter
593 1628 630 1662 ad
638 1626 823 1665 vtrutnlibet,
831 1626 903 1659 sicut
912 1636 1053 1670 quartum
1062 1630 1093 1661 δι
1101 1626 1239 1669 quintum
1248 1623 1337 1656 huius
1345 1623 1503 1657 ostendunt
1511 1635 1519 1657 ·‚
1529 1625 1569 1656 ita
1578 1625 1663 1668 quod
1672 1636 1818 1670 quantum

329 1675 369 1707 est
380 1675 417 1707 de
426 1677 563 1719 potentia
573 1674 739 1707 voluntatis
748 1684 802 1718 per
811 1671 839 1704 se
847 1671 927 1705 nude
938 1672 966 1706 ὃ(
975 1670 1112 1704 absolute
1120 1669 1314 1704 confideratae
1322 1693 1331 1708 ,
1346 1668 1524 1714 poffetillud
1534 1680 1598 1701 non
1609 1671 1722 1703 facete:
1734 1672 1771 1703 Et
1780 1671 1817 1704 si-

329 1721 399 1755 mile
408 1721 448 1754 est
457 1720 652 1764 similiterque
661 1719 822 1752 dicendum
830 1717 868 1751 de
876 1715 1011 1761 quolibet
1020 1718 1088 1749 auu
1096 1716 1193 1749 libero
1209 1715 1295 1749 bono
1305 1715 1351 1747 vel
1360 1715 1439 1748 malo
1448 1717 1537 1748 autin
1547 1714 1692 1749 differenti
1705 1738 1712 1751 .
1731 1716 1750 1748 fi
1762 1729 1816 1761 po-

147 1776 181 1800 ι’.
200 1769 310 1811 Exposi-
330 1777 414 1800 natur
423 1765 587 1799 secundum
598 1764 791 1798 ltibstantiam
800 1764 893 1807 ipsam
903 1765 997 1796 astus.
1018 1761 1164 1795 Secundo
1173 1762 1203 1795 ὅ(
1212 1760 1508 1801 concordantercum
1517 1759 1703 1803 expolitione
1712 1764 1816 1805 priori,

146 1815 191 1841 tio.
330 1812 360 1846 ὅ(
369 1823 439 1844 cum
450 1811 584 1855 processu
596 1812 709 1854 priori,
722 1816 752 1846 &
762 1820 830 1842 cum
841 1809 976 1852 processu
987 1809 1108 1842 &litera
1117 1808 1212 1852 porcst
1223 1807 1293 1846 dici,
1305 1805 1386 1850 quod
1397 1806 1813 1849 Augustinusintenditibire-

329 1868 458 1890 mouere
465 1857 502 1890 ab
511 1857 638 1890 homine
655 1855 856 1889 necessitatem
867 1854 1029 1887 naturalem
1039 1853 1182 1898 peccandi
1192 1878 1200 1891 ‚
1208 1854 1246 1885 ita
1255 1852 1337 1895 quod
1347 1852 1445 1884 nullus
1453 1863 1554 1895 peccat
1563 1854 1591 1884 in
1600 1861 1638 1883 eo
1647 1853 1734 1896 quod
1744 1855 1820 1887 vita-

331 1914 362 1936 re
381 1914 442 1935 non
459 1904 557 1946 potest
571 1901 765 1947 possibilitate
775 1912 885 1934 naturae
897 1925 906 1939 ,
923 1900 969 1932 scd
980 1899 1128 1932 facitillud
1145 1899 1318 1932 necessitate
1327 1908 1456 1930 naturae.-
1478 1897 1570 1930 Vnde
1584 1897 1670 1940 supra
1685 1899 1817 1932 eiusdem
1833 1902 1862 1936 D

336 1947 373 1989 3³.
387 1953 439 1979 26.
463 1949 494 1981 Si
502 1947 562 1981 hoc
572 1948 661 1980 debet
671 1946 798 1992 quisque
808 1947 893 1991 quod
903 1946 1018 1989 accepit
1033 1969 1043 1984 ,
1055 1946 1085 1979 ὅ(
1095 1943 1236 1977 sichomo
1246 1942 1340 1976 factus
1349 1943 1390 1975 est
1401 1969 1409 1980 ,
1419 1953 1450 1976 vt
1459 1943 1620 1975 neceslatio
1630 1955 1727 1985 peccet
1739 1970 1746 1981 ‚
1757 1944 1818 1977 hoc

333 1993 424 2025 debet
433 2004 576 2037 vtpeceet
587 2005 594 2024 :
607 1994 692 2038 quod
702 1992 721 2025 fi
733 1992 824 2025 scelus
835 1993 872 2024 est
884 1992 983 2024 dicere
992 2015 1002 2030 ,
1013 1992 1164 2024 neminem
1173 2000 1276 2022 natura
1291 1988 1339 2020 sua
1347 1990 1468 2033 cogitvt
1485 1999 1597 2030 peccet.
1624 1990 1661 2021 Er
1678 1989 1754 2021 infra
1766 1992 1818 2022 28.

333 2037 746 2084 Improba‚inquit,voluntas
756 2038 904 2070 malorum
912 2038 1048 2069 omniurn
1058 2036 1143 2068 causa
1154 2036 1206 2071 est,
1215 2034 1300 2078 quod
1310 2033 1329 2065 si
1339 2033 1500 2067 secundnm
1511 2045 1646 2066 naturam
1654 2034 1736 2074 esset,
1745 2047 1820 2067 con-

337 2083 460 2117 seruaret
469 2096 572 2127 vtique
582 2094 718 2117 naturam
733 2108 743 2122 ,
752 2082 860 2119 &ideo
870 2094 932 2115 non
942 2081 1010 2114 esset
1020 2080 1179 2124 improba}
1190 2079 1270 2113 vnde
1279 2079 1565 2123 colligiturradicem
1575 2082 1713 2112 omnium
1724 2081 1821 2112 malo-

339 2141 403 2162 rum
415 2141 478 2161 non
488 2129 544 2163 esse
553 2140 702 2163 naturam.
726 2130 819 2162 Hunc
828 2131 916 2162 etiam
925 2127 1110 2160 intellectum
1128 2133 1213 2159 mum,
1222 2124 1307 2158 huius
1317 2124 1429 2169 probat
1438 2123 1569 2164 ‚doeens
1583 2124 1692 2158 librum
1711 2128 1820 2169 Augu·

337 2176 403 2209 stini
411 2175 448 2208 de
456 2174 551 2209 libero
561 2175 685 2208 arbitrio
694 2176 778 2207 fuisse
788 2174 990 2217 conscriptum
1000 2183 1104 2206 contra
1121 2169 1322 2208 Manichae0s‚
1339 2181 1486 2213 ponentes
1494 2171 1523 2202 in
1533 2170 1657 2203 homine
1673 2171 1747 2204 duas
1757 2174 1822 2204 ani-

337 2232 403 2254 mas
410 2221 571 2260 naturales,
579 2219 692 2253 bonam
703 2220 733 2255 ὃ(
743 2220 854 2253 malam
862 2244 872 2259 ,
894 2219 1066 2261 malamque
1074 2219 1206 2251 animam
1219 2215 1314 2249 faeere
1323 2216 1494 2249 necessitate
1504 2227 1615 2250 naturae
1630 2218 1734 2249 omnia
1743 2218 1822 2250 mala

338 2266 414 2300 fasta
425 2276 536 2310 3quate
547 2266 577 2299 ὅ(
587 2266 653 2309 poss
663 2267 853 2298 autoritatem
863 2265 970 2297 vltimo
978 2266 1131 2296 recitatam
1140 2288 1148 2300 ‚
1157 2273 1222 2305 quae
1229 2261 1300 2294 dicit
1309 2260 1438 2294 radicem
1448 2263 1585 2295 omnium
1600 2263 1748 2296 malorum
1758 2274 1822 2296 non

339 2310 395 2345 esse
407 2310 569 2345 secundum
580 2321 715 2344 naturam
726 2336 735 2350 ,
743 2310 914 2344 immediate
922 2307 1090 2352 subiungit,
1098 2308 1181 2351 quod
1192 2306 1298 2340 suflicit
1309 2305 1467 2340 aduersum
1485 2318 1593 2339 omnes
1604 2310 1654 2350 qui
1663 2308 1768 2341 volunt
1776 2319 1824 2339 ac-

341 2358 441 2390 cusate
450 2367 579 2390 naturas,
607 2358 745 2400 Oportet
754 2368 826 2400 ergo
837 2354 1106 2399 correspondenter
1117 2377 1125 2390 ,
1140 2351 1292 2386 elenchice
1309 2354 1476 2397 intelligere
1488 2353 1518 2387 ἂ
1532 2364 1681 2397 exponere
1694 2354 1776 2386 illum
1791 2354 1824 2386 li.

160 2414 193 2446 3³.
207 2407 319 2448 Expofi-
342 2401 430 2435 brum
442 2426 452 2438 ,
477 2402 549 2435 ficut
559 2413 639 2435 nunc
649 2402 839 2446 tangebatur,
863 2402 893 2435 ὅ(
904 2402 1033 2444 superius
1046 2399 1164 2433 decimo
1175 2398 1262 2431 huius
1270 2398 1386 2440 plenius
1395 2396 1567 2431 docebatur.
1606 2398 1823 2432 Adhucautem

158 2451 203 2479 tio.
344 2450 433 2480 tertio
444 2458 508 2479 non
517 2449 617 2480 minus
626 2448 815 2481 concorditer
823 2457 893 2479 cum
905 2443 1040 2490 processu
1049 2444 1143 2488 potest
1158 2442 1302 2488 praemiffa
1316 2445 1460 2477 autoritas
1470 2443 1507 2475 sic
1516 2444 1649 2486 exponi,
1662 2444 1746 2490 quod
1758 2444 1823 2476 nul-
1838 2446 1862 2478 Ε

344 2494 390 2525 lus
399 2504 501 2536 peccat
509 2495 538 2525 in
549 2503 587 2524 eo
597 2492 679 2536 quod
690 2493 773 2525 nullo
782 2493 877 2525 modo
886 2493 982 2525 caueri
998 2492 1093 2534 potest
1102 2488 1217 2522 etiamsi
1228 2489 1315 2528 velit,
1327 2489 1375 2523 sed
1384 2489 1497 2522 nolenti
1511 2489 1541 2522 &
1555 2491 1651 2523 inuito
1666 2491 1827 2533 contingit,

345 2539 426 2571 vtfic
441 2540 646 2572 necessitatem
665 2538 829 2571 violentam
845 2547 1004 2581 cogentem
1015 2538 1177 2571 &inuitam
1194 2545 1348 2568 remoueat
1365 2535 1381 2566 a
1395 2545 1550 2577 peccante.
1579 2536 1633 2568 Iste
1649 2547 1778 2579 namque
1788 2535 1828 2566 est

347 2584 450 2617 creber
460 2583 728 2627 modusloquendi
739 2583 903 2627 vulgarium
914 2590 943 2616 δε
953 2584 1126 2615 Dostorum
1140 2593 1147 2615 3
1172 2579 1289 2625 poffum
1301 2579 1320 2612 fi
1331 2581 1404 2612 volo
1413 2590 1514 2624 ,potes
1525 2579 1545 2611 fi
1559 2582 1614 2617 vis,
1626 2582 1723 2623 potest
1734 2579 1753 2612 fi
1763 2580 1829 2612 vult

347 2631 443 2662 facere
453 2629 513 2662 lioc
521 2630 567 2662 vel
576 2628 661 2662 illud.
687 2629 771 2673 Qid
781 2632 860 2662 enim
868 2628 994 2666 facilius,
1003 2627 1073 2670 quid
1084 2627 1203 2659 liberius
1214 2626 1310 2671 quarn
1320 2626 1415 2658 facere
1423 2624 1508 2669 quid,
1517 2624 1536 2657 si
1546 2626 1629 2663 volo.
1639 2626 1669 2661 ὅ(
1681 2638 1741 2659 non
1750 2626 1828 2658 face-

347 2687 379 2707 re
390 2674 408 2707 fi
419 2687 482 2708 non
491 2675 576 2707 volo!
606 2675 706 2717 Qiod
715 2685 813 2707 autem
823 2675 874 2707 iste
884 2673 1087 2707 fitintellee‘tns
1095 2671 1380 2715 Augustini‚videtur
1389 2682 1425 2704 ex
1433 2669 1530 2703 verbis
1538 2672 1597 2703 eius
1607 2676 1637 2706 δι
1645 2671 1776 2716 processu
1788 2677 1831 2710 3⁰.

349 2718 490 2752 delibero
502 2719 624 2752 arbitrio
634 2720 683 2753 28.
695 2719 744 2754 vbi
762 2720 1014 2762 fuetatallegatus.
1044 2719 1175 2751 Ostenro
1184 2716 1406 2762 namquequod
1415 2716 1555 2749 voluntas
1562 2716 1603 2749 est
1616 2717 1700 2750 causa
1710 2717 1834 2760 peccati,

348 2766 470 2808 inquirit
480 2764 613 2802 vberius,
624 2765 776 2809 Nunquid
785 2765 874 2810 ipsius
885 2764 1050 2798 voluntatis
1062 2763 1200 2806 fitaliqua
1208 2761 1292 2794 causa
1304 2765 1384 2806 prior
1394 2784 1400 2797 ,
1412 2764 1459 2794 cui
1468 2762 1546 2795 reste*
1556 2764 1720 2804 imputetur
1728 2773 1832 2805 pecca-

350 2821 415 2842 tum
426 2824 436 2847 ς
446 2810 476 2844 ὅ(
486 2809 616 2854 probato
626 2811 709 2855 quod
726 2823 789 2844 non
798 2836 809 2850 ‚
826 2813 894 2854 qnia
905 2822 968 2843 non
978 2810 1004 2843 ei
1013 2808 1204 2851 obtemperet
1220 2808 1362 2841 voluntas
1371 2831 1379 2844 ‚
1395 2807 1426 2840 ὅ(
1440 2819 1502 2839 non
1514 2807 1646 2849 peccabit
1656 2832 1666 2846 ‚
1681 2806 1787 2846 obiicit
1802 2809 1833 2838 in

349 2855 477 2900 persona
486 2858 647 2901 quaerentis
656 2882 665 2897 ,
690 2859 740 2890 An
750 2856 829 2891 forte
837 2856 970 2891 violenta
978 2855 1032 2896 est,
1042 2855 1073 2890 ὅ(
1081 2856 1165 2899 cogit
1178 2854 1306 2887 inuitum
1317 2853 1367 2893 3&
1376 2852 1554 2897 respondet,
1562 2852 1703 2887 docendo
1718 2865 1780 2886 non
1793 2851 1832 2884 lic

1780 2897 1836 2933 effe
