1985 3130
197 163 276 226 7¹8
786 148 953 198 ‘Thomae
968 145 1256 197 Bradwardim·
1680 147 1722 195 L
1732 164 1748 195 1
1760 166 1844 215 3-3·

313 261 369 283 nec
377 247 489 295 aliquid
498 257 605 279 eorum
614 245 654 277 est
662 245 796 276 futurum
804 240 938 285 respectu
946 239 1048 283 ipfius‚
1065 239 1117 272 sed
1125 251 1217 272 vnum
1231 240 1366 282 respectu
1374 239 1505 272 alterius.
1526 239 1619 274 Vnde
1627 241 1789 275 secundum
1816 244 1846 277 A

315 297 456 329 Boetium
465 292 574 325 melius
583 291 692 324 dicitur
699 287 899 333 prouidentia,
908 289 1006 332 quam
1013 285 1220 330 praeuidentia,
1227 287 1296 329 quia
1306 296 1370 317 uon
1379 284 1462 329 quasi
1472 286 1615 323 futurum,
1626 284 1674 318 sed
1683 290 1790 320 omnia

314 341 398 386 quafi
408 338 563 385 praesentia
572 349 634 371 vno
642 337 750 369 intuitu
760 332 915 377 prouidet,
929 333 1009 376 quasi
1017 330 1054 365 ab
1063 332 1234 365 aeternt‘tatis
1242 329 1355 374 specula
1364 343 1372 362 :
1380 330 1430 364 sed
1437 341 1535 363 tamen
1542 331 1640 374 potest
1649 331 1707 365 dici
1714 343 1791 377 pra:-

314 387 448 420 uidentia
456 386 487 417 in
495 394 643 429 quantum
651 378 806 425 cognoscit
815 378 845 411 id
854 378 937 422 quod
945 377 1080 410 futurum
1089 377 1130 409 est
1139 375 1240 415 nobis,
1254 387 1318 408 non
1333 374 1397 409 sibi.
1422 377 1461 408 Et
1474 375 1563 415 infra,
1579 377 1676 411 Astus
1683 378 1792 411 diuinae

313 431 501 475 cognitionis
509 428 611 463 transit
620 429 706 471 supra
720 426 911 468 contingens,
925 428 955 458 δι
970 422 990 455 si
1006 420 1146 455 futurum
1163 421 1197 454 fit
1212 420 1302 454 nobis
1317 420 1389 455 ficut
1401 420 1477 454 visus
1494 422 1594 454 noster
1602 421 1791 466 supi-aipsum

314 478 388 512 dum
400 477 440 509 est
452 491 461 515 ς
471 480 501 507 δι
511 476 580 519 quia
588 471 643 508 effe
653 471 738 517 quod
746 472 797 510 est,
814 468 937 514 quando
947 470 999 505 est,
1016 465 1127 502 neceffe
1133 468 1185 504 est,
1202 466 1286 511 quod
1297 478 1398 500 tamen
1406 466 1541 500 absolute
1550 479 1614 501 non
1622 469 1663 502 est
1671 467 1793 503 necessa-

313 525 403 561 rium,
416 521 487 555 ideo
502 521 608 553 dicitur
623 518 708 564 quod
716 519 747 550 in
755 518 784 548 se
791 514 1011 548 consideratum
1021 514 1061 546 est
1069 515 1263 556 contingens¹
1278 513 1406 546 relatum
1421 512 1458 546 ad
1466 513 1528 545 Dei
1537 515 1743 557 cognitionem
1752 517 1793 549 est

314 565 520 607 neceffiirium,
528 567 596 610 quia
603 565 639 598 ad
646 564 740 609 ipsam
749 560 881 600 refertur,
895 560 1059 593 secundum
1069 559 1156 604 quod
1165 560 1204 590 est
1213 561 1242 591 in
1252 557 1310 591 esIe
1317 558 1472 597 aetnam&
1480 557 1552 591 ideo
1560 561 1688 593 omnino
1699 559 1794 594 simile

315 616 369 651 est,
387 611 406 646 fi
415 624 473 656 ego
481 612 616 646 viderem
625 611 783 643 Socratem
797 617 914 639 currere
930 604 1160 649 praesentialiter,
1174 604 1256 648 quod
1275 603 1396 647 quidem
1411 607 1440 635 in
1450 604 1478 636 se
1487 605 1527 637 est
1541 610 1728 649 contingens,
1744 606 1794 639 sed

316 658 442 693 relatum
451 658 489 692 ad
498 655 593 690 visum
602 666 707 689 meum
714 656 753 688 est
761 649 963 686 neceffirium.
991 652 1028 683 Et
1037 649 1126 690 infra,
1143 651 1257 683 Scitum
1266 649 1284 681 ἐι
1291 651 1360 682 Deo
1368 651 1462 692 potest
1469 648 1546 682 sumi
1553 649 1713 685 secundum
1722 662 1796 684 eon-

316 705 465 737 ditionem
474 714 534 747 qua
542 702 671 736 subiacet
681 700 791 733 diuina:
802 698 940 736 scientiae,
955 697 985 731 ὃ(
994 697 1056 728 hoc
1066 697 1118 736 est,
1135 695 1301 729 secundum
1309 694 1395 738 quod
1408 694 1501 727 habet
1517 693 1572 728 effe
1584 700 1793 738 terminatum,

144 750 148 784 l
165 749 262 779 necesse
317 757 348 785 Sc
360 750 396 782 sic
407 748 420 794 ΙΙ
429 749 612 792 necessitatem
620 746 711 780 habet
722 746 784 779 :vel
794 743 885 787 potest
896 743 969 775 sumi
978 742 1038 775 fine
1048 741 1098 774 illa
1105 741 1294 780 conditione,
1302 751 1334 772 vt
1342 740 1447 774 scilicet
1455 742 1494 773 est
1502 742 1533 774 in
1542 740 1796 780 causissuisfflnte-

153 790 289 827 Anfrlmus.
317 807 410 842 quam
420 795 453 828 fit
462 796 492 827 in
503 797 585 834 astu,
595 797 625 828 δι
632 791 670 825 sic
679 803 742 825 non
750 790 840 823 habet
849 783 1066 822 necessitatem.
1092 786 1280 821 Venerabilis
1289 796 1417 832 quoque
1425 785 1585 820 Anselmus
1591 788 1639 819 De
1648 788 1792 822 concord.

318 853 348 888 3.
360 842 390 876 ὅ(
397 851 428 884 4.
438 839 560 872 similem
571 838 686 872 causam
699 835 800 870 similis
808 835 879 869 dieti
887 833 995 868 reddit.
1018 834 1101 866 Dicit
1108 835 1189 866 enim
1198 832 1284 877 quod
1291 834 1397 864 omnia
1406 831 1507 865 futura
1515 831 1581 865 sunt
1588 831 1747 867 necessaria
1762 840 1794 867 ὃς

318 885 516 921 immutabilia
523 886 554 918 in
562 886 738 919 aeternitate,
751 893 815 914 non
825 880 992 918 neceffaria,
1001 878 1050 911 sed
1058 878 1214 912 mutabilia
1222 880 1252 911 in
1264 888 1401 922 tempore
1408 889 1568 922 antequam
1578 877 1670 916 fiant,
1685 880 1754 924 quia
1763 881 1794 913 in

318 942 492 970 aeternitate,
506 931 615 975 inquit,
624 940 685 963 non
695 929 735 961 est
743 927 923 972 praeteritum
938 925 986 957 vel
1002 923 1150 964 futurum,
1167 923 1214 957 sed
1229 923 1346 957 tantum
1364 923 1488 967 praesens
1497 923 1694 957 immutabile.
1720 924 1796 958 Haee

319 980 409 1023 igitur
416 977 456 1009 est
464 975 552 1009 causa
562 977 733 1013 Autorum,
746 982 836 1017 quare
843 972 948 1004 omnia
956 971 1052 1004 futura
1060 968 1193 1014 respectu
1201 970 1353 1003 causarum
1363 972 1566 1012 superiorum,
1581 969 1687 1002 scilicet
1694 971 1799 1013 cogni-

319 1025 412 1057 tionis
422 1023 452 1057 &
460 1021 626 1056 voluntatis
634 1020 758 1058 diuinae,
775 1020 841 1051 sunt
849 1017 1020 1053 neceffaria,
1035 1017 1104 1060 quia
1119 1013 1174 1049 esse
1193 1015 1277 1059 quod
1292 1015 1345 1051 est,
1363 1014 1487 1058 quando
1502 1015 1554 1053 est,
1570 1014 1684 1047 necesse
1693 1016 1732 1048 est
1745 1019 1798 1054 3&

319 1070 425 1104 omnia
433 1068 533 1101 futura
543 1068 608 1100 sunt
617 1065 656 1098 ibi
665 1068 695 1098 i‘n
704 1065 857 1109 praesentia
872 1062 903 1096 &
918 1064 949 1095 in
965 1064 1034 1095 ablu
1049 1076 1060 1100 3
1075 1068 1107 1095 ὃς
1124 1072 1218 1105 quare
1231 1060 1364 1104 respectu
1381 1060 1557 1094 inferiorum
1572 1059 1725 1093 causarum
1735 1071 1799 1093 non

320 1114 386 1148 sunt
394 1113 565 1150 neceffaria,
583 1114 656 1155 quia
664 1111 705 1143 ibi
713 1122 776 1144 non
787 1108 854 1142 sunt
863 1108 1016 1140 aestuanter
1030 1107 1197 1151 praeseiitia‚
1213 1104 1263 1140 sed
1271 1107 1380 1140 sutura.
1402 1105 1579 1146 Quomodo
1586 1116 1659 1150 ergo
1668 1107 1800 1150 loquun-

322 1172 370 1193 tur
378 1159 415 1193 de
422 1160 608 1196 necessitate,
615 1157 686 1190 cum
697 1156 811 1195 dicunt,
829 1155 899 1199 quia
907 1150 965 1186 effe
974 1152 1055 1196 quod
1064 1152 1119 1192 est,
1136 1154 1263 1195 quando
1272 1153 1322 1190 est,
1340 1151 1452 1184 necesse
1461 1152 1514 1190 est,
1530 1152 1576 1184 vel
1585 1151 1622 1183 de
1631 1151 1801 1185 necessitate

139 1217 152 1257 n
164 1227 277 1256 compo.
321 1202 550 1249 consequentiae
559 1203 620 1236 siue
628 1201 802 1236 dictivelrei
818 1207 827 1232 ὲ
845 1199 893 1232 vel
901 1209 940 1230 an
948 1198 1120 1242 intelligunt
1135 1208 1229 1231 totam
1239 1196 1480 1242 propositionem
1495 1199 1526 1229 in
1536 1194 1802 1237 sensulflconinnch,

140 1258 192 1288 sito
323 1251 373 1286 vel
380 1251 476 1285 diuiso
497 1256 505 1281 ἓ
525 1250 556 1283 Si
574 1248 706 1281 secundo
722 1246 819 1280 modo
835 1244 1024 1288 intelligant,
1037 1254 1111 1288 ergo
1126 1243 1197 1276 cum
1213 1254 1250 1276 ex
1266 1243 1316 1276 illa
1330 1243 1415 1276 causa
1428 1247 1560 1275 inierunt
1577 1243 1804 1286 consequenter,

323 1295 410 1342 quod
416 1297 519 1329 omnia
526 1296 625 1328 futura
633 1294 767 1338 respefiiu
776 1291 963 1336 superiorum
973 1288 1124 1323 causarum
1133 1288 1171 1322 de
1179 1287 1350 1323 necessitate
1358 1289 1508 1326 eueniant,
1515 1287 1641 1321 similem
1650 1289 1805 1322 necessita·
1819 1278 1850 1311 C

323 1353 385 1376 tem
395 1341 564 1385 intelligent
575 1350 585 1375 3
593 1352 657 1373 non
666 1350 741 1384 ergo
752 1338 843 1371 solam
850 1335 1053 1369 necessitatem
1062 1334 1284 1379 consequentiae
1293 1333 1341 1367 seu
1351 1333 1546 1372 conditionis,
1555 1344 1587 1366 vt
1595 1332 1805 1377 responsioista

324 1387 420 1432 fingit.
446 1387 476 1419 Si
485 1397 586 1420 autem
597 1385 764 1429 intelligant
781 1385 883 1427 primo
899 1380 997 1414 modo
1014 1379 1178 1414 secundum
1193 1380 1323 1414 eundem
1331 1379 1527 1415 intellectum.
1543 1378 1689 1412 haberent
1697 1389 1804 1412 conce-

325 1433 396 1467 dere
403 1432 489 1478 quod
497 1432 563 1466 fore
571 1432 620 1464 seu
630 1432 763 1465 futurum
771 1429 829 1462 effe
838 1427 923 1472 quod
942 1428 1008 1465 erit,
1021 1425 1145 1471 quando
1154 1427 1224 1464 erit,
1238 1422 1349 1459 necesse
1357 1427 1421 1458 erit.
1445 1426 1532 1458 Nam
1543 1427 1584 1457 ita
1594 1422 1750 1458 necessaria
1763 1425 1805 1458 est

326 1480 379 1512 issa
387 1477 608 1522 consequentia,
623 1478 653 1510 Si
662 1475 774 1521 aliquid
783 1476 848 1510 erit,
860 1474 957 1517 ipsum
966 1474 1020 1506 erit
1032 1470 1123 1511 3ficut
1132 1473 1197 1512 ista,
1212 1472 1242 1505 Si
1252 1470 1364 1515 aliquid
1374 1472 1427 1510 est,
1435 1470 1531 1515 ipsum
1541 1472 1599 1510 est;
1616 1472 1697 1504 &ita
1706 1470 1806 1503 neces.

325 1524 400 1559 saria
411 1523 450 1556 est
459 1525 511 1556 ista
519 1523 684 1556 secundum
694 1534 749 1555 eos
759 1521 796 1554 de
805 1519 902 1556 dieto,
920 1517 1017 1552 siuein
1025 1516 1109 1551 sensu
1115 1515 1302 1561 composito,
1312 1516 1385 1550 ficut
1393 1517 1455 1553 illa.
1477 1518 1511 1550 N
1514 1517 1611 1549 amita
1620 1514 1807 1559 impossibile

327 1571 368 1604 est
376 1569 458 1614 quod
466 1568 580 1613 aliquid
588 1568 675 1601 fimul
683 1568 715 1601 fit
723 1567 858 1601 futurum
875 1571 906 1598 &c
915 1575 979 1598 non
990 1563 1022 1597 sit
1031 1564 1178 1602 futurum,
1194 1562 1265 1596 ficut
1282 1562 1369 1606 quod
1377 1563 1489 1606 aliquid
1498 1562 1583 1595 simul
1592 1562 1809 1606 praesentialiter

328 1615 365 1648 fit
374 1617 475 1650 &non
485 1615 530 1653 fit,
546 1615 630 1659 quod
639 1626 741 1647 tamen
751 1623 814 1645 non
823 1611 1007 1648 concedunt,
1018 1608 1069 1642 sed
1076 1619 1197 1653 negant,
1211 1608 1381 1642 doctrinam
1392 1607 1573 1653 Philosophi
1583 1618 1609 1641 1.
1620 1610 1682 1652 peri
1690 1606 1809 1640 herme·

147 1673 161 1712 Η
177 1680 260 1703 ornne
329 1662 395 1696 nias
404 1661 458 1695 vlt.
467 1661 630 1697 imitantes,
648 1658 790 1695 dicendo,
799 1656 884 1702 quod
893 1655 905 1680 ¹¹
914 1654 973 1699 Effe
983 1654 1068 1698 quod
1077 1655 1130 1692 est,
1146 1653 1269 1698 quando
1277 1656 1329 1691 est,
1337 1651 1519 1693 necefleest}
1534 1654 1632 1688 futura
1642 1652 1717 1686 vero
1727 1663 1810 1686 ante-

329 1717 421 1751 quam
430 1708 563 1745 veniant,
577 1707 608 1740 &
616 1705 674 1739 hoc
682 1707 732 1744 est,
740 1702 865 1749 quando
874 1703 903 1737 ὅ(
914 1702 988 1733 dum
998 1702 1064 1733 sunt
1074 1700 1186 1738 fututa,
1195 1711 1258 1732 non
1267 1700 1431 1734 neceffario
1439 1710 1592 1737 euentura,
1600 1697 1648 1732 sed
1655 1696 1736 1743 poss'e
1745 1697 1810 1730 nul-

329 1752 447 1786 latenus
455 1753 584 1785 euenire.
609 1753 755 1785 Praeterea
762 1748 885 1793 quando
896 1749 1017 1781 Boetius
1026 1746 1209 1790 assignando
1218 1745 1417 1779 differentiam
1426 1747 1503 1779 inter
1510 1742 1699 1779 necessiirium
1708 1744 1738 1778 &
1747 1754 1810 1777 non

330 1796 523 1832 necessarium
535 1799 564 1830 in
573 1800 733 1830 autoritate
741 1790 892 1840 praemissa,
904 1793 975 1826 dicit
984 1791 1069 1837 quod
1077 1792 1129 1825 Sol
1139 1794 1248 1829 oriens,
1262 1791 1292 1825 ὅ(
1303 1791 1441 1834 gradiens
1456 1791 1554 1824 homo
1561 1790 1634 1822 dum
1644 1791 1734 1828 fiunt,
1748 1799 1810 1822 non

332 1842 467 1877 fierinon
478 1841 595 1887 possunt
611 1857 622 1882 3
635 1853 742 1876 eorum
752 1851 853 1875 tamen
862 1850 968 1877 vnum,
983 1839 1093 1872 scilicet
1102 1840 1248 1881 primum,
1265 1839 1438 1882 priusquam
1448 1836 1544 1876 fieret,
1561 1833 1673 1869 neceffc
1681 1845 1744 1868 erat
1753 1835 1812 1867 exi·
1828 1830 1862 1864 D

331 1888 415 1925 stere,
433 1889 558 1922 alterum
570 1888 644 1922 vcro
654 1889 792 1924 minime,
805 1884 837 1918 id
852 1884 906 1921 est.
923 1883 1083 1917 hominem
1093 1885 1154 1917 fieti
1163 1883 1357 1927 gradientem,
1370 1882 1525 1916 innuendo
1540 1881 1623 1925 quod
1640 1879 1812 1925 priusquam

332 1933 432 1967 homo
441 1934 624 1978 graderetur,
639 1933 779 1977 possibile
787 1931 842 1965 fuit
850 1931 946 1974 ipsum
957 1940 1019 1962 non
1029 1929 1124 1973 gradi.
1143 1928 1306 1973 quomodo
1320 1929 1458 1972 intelligit
1472 1927 1509 1961 de
1518 1926 1677 1960 necessario
1686 1930 1716 1961 &
1723 1926 1814 1969 possi-

333 1978 397 2018 bili,
412 1980 459 2013 vel
469 1980 641 2022 simpliciter
649 1981 792 2017 omnino,
809 1977 914 2009 scilicet
924 1976 1056 2019 respeEtu
1067 1985 1313 2019 quarumcunque
1327 1975 1482 2007 causarum
1489 1973 1686 2016 superiorum,
1701 1972 1731 2005 ἃ
1741 1971 1815 2004 infe-

333 2027 448 2059 riorum
458 2026 598 2061 similiter,
613 2024 661 2057 vel
670 2023 833 2058 secundum
844 2021 928 2065 quid.
944 2019 1077 2062 respeaetu
1087 2019 1195 2053 scilicet
1210 2019 1386 2053 inferiorum
1394 2018 1635 2062 naturaliumque
1644 2015 1812 2050 causarum?

336 2071 415 2104 Non
425 2072 563 2116 intelligit
573 2073 671 2114 primo
687 2069 797 2109 modo,
813 2069 883 2112 quia
891 2066 1053 2100 secundum
1063 2064 1142 2099 suam
1152 2062 1327 2099 sententiam
1335 2076 1403 2099 ante
1413 2065 1444 2100 ἃ
1454 2065 1520 2109 post
1529 2063 1609 2096 illam
1616 2061 1816 2096 differentiam

336 2115 477 2159 pofitam,
493 2117 564 2150 ficut
572 2127 668 2148 vnum
677 2126 780 2148 eorum
789 2111 960 2159 priusquam
969 2111 1063 2147 fieret,
1078 2122 1142 2144 etat
1149 2109 1342 2144 necessarium
1350 2111 1483 2154 respestu
1491 2111 1594 2153 ptimae
1610 2109 1711 2146 causae,
1727 2106 1765 2139 fic
1772 2118 1818 2139 re-

334 2162 452 2207 liquum
469 2176 479 2201 3
495 2170 527 2196 ει
536 2162 606 2206 quia
614 2162 700 2195 Deus
709 2161 793 2205 aeque
802 2158 893 2192 libere
903 2168 1045 2201 operatur
1058 2156 1096 2189 ad
1112 2167 1195 2190 extra
1211 2167 1424 2201 quemcunque
1432 2154 1586 2194 effectum,
1602 2154 1671 2187 ficut
1680 2165 1708 2190 92
1722 2159 1754 2186 8(
1764 2163 1818 2186 ao.

335 2207 435 2251 primi,
445 2217 496 2247 30.
510 2206 675 2243 secundi,ac
685 2204 849 2250 suppositio
857 2205 956 2247 prima
964 2203 1078 2236 docent
1087 2217 1097 2242 3
1108 2202 1185 2234 Non
1195 2204 1314 2246 estergo
1323 2204 1419 2245 magis
1425 2198 1613 2234 necessarium
1622 2199 1754 2242 respectu
1764 2210 1820 2231 vo-

334 2254 458 2286 luntatis
466 2252 573 2286 diuinae
582 2252 712 2285 volentis
720 2253 751 2287 ἃ
758 2250 889 2284 facientis
897 2248 960 2282 haec
968 2247 1162 2293 ambo.qiiod
1170 2248 1222 2280 Sol
1230 2250 1354 2284 oriatur,
1362 2247 1453 2292 quarn
1461 2245 1544 2291 quod
1553 2244 1651 2278 homo
1659 2243 1821 2288 gradiatur,

337 2297 412 2330 ficut
420 2299 450 2332 ὅ(
459 2298 609 2332 decimum
619 2299 707 2341 primi
717 2295 841 2341 probat}
860 2301 891 2328 δε
900 2297 970 2340 quia
978 2293 1049 2327 dicit
1058 2292 1188 2326 similiter
1198 2317 1207 2330 ,
1221 2293 1307 2337 quod
1324 2293 1448 2326 alterum
1464 2292 1584 2324 illorum
1593 2292 1764 2335 priusquam
1773 2289 1823 2321 fie-

337 2355 393 2380 ret,
402 2346 529 2376 minime
538 2343 731 2376 necessarium
738 2352 798 2375 erat
809 2342 943 2379 existere,
952 2339 1036 2383 quod
1044 2351 1108 2373 non
1118 2339 1212 2382 potest
1223 2339 1348 2381 intelligi
1356 2338 1488 2382 respe&u
1498 2337 1602 2382 primae
1609 2334 1712 2374 causae,
1718 2333 1823 2368 scilicet

338 2388 539 2433 prouidentiae
549 2389 578 2423 ὃ(
588 2389 770 2432 cognitionis
778 2387 976 2431 diuinae,quia
986 2385 1147 2418 secundum
1158 2385 1238 2418 suam
1248 2384 1419 2418 sententiam
1428 2383 1559 2427 superius
1567 2383 1735 2418 recitatam,
1752 2392 1820 2412 om·
1839 2381 1863 2413 E

341 2435 393 2466 nia
400 2433 515 2467 suntibi
524 2433 674 2477 praesentia
686 2447 694 2466 :
709 2443 833 2477 oportet
841 2443 913 2475 ergo
925 2430 1008 2475 quod
1023 2430 1168 2473 intelligat
1177 2430 1214 2461 de
1229 2428 1393 2463 necessitate
1403 2436 1432 2462 sc
1442 2426 1635 2473 possibilitate
1650 2428 1769 2459 istorum
1781 2428 1824 2457 se-

343 2479 446 2513 cundo
454 2480 604 2513 dierorum
613 2478 794 2519 modorum,
812 2477 920 2511 scilicet
929 2476 980 2509 res
997 2478 1062 2510 estu
1073 2475 1249 2509 naturalium
1258 2474 1471 2509 &inferiorum
1480 2475 1631 2506 causarum
1640 2481 1825 2504 tantummo-

344 2524 387 2557 do
396 2523 527 2567 respcstu
538 2536 664 2569 quarum
674 2523 867 2557 solummodo
881 2522 950 2555 talia
966 2489 1106 2556 dicuntur
1113 2520 1210 2554 futura
1220 2545 1230 2560 ‚
1253 2521 1339 2566 quod
1348 2521 1378 2555 ὃ(
1385 2519 1475 2553 verba
1484 2518 1531 2551 sua
1538 2518 1688 2562 sequentia
1697 2515 1824 2550 manife-

346 2569 424 2603 stant
434 2585 440 2601 :
452 2582 520 2603 narn
530 2570 703 2603 immediate
712 2570 873 2613 subiungit,
884 2568 937 2600 Illa
947 2570 1047 2605 etiam,
1054 2578 1121 2611 quae
1130 2567 1278 2609 praesentia
1287 2567 1372 2598 Deus
1378 2563 1683 2608 habet,proculdubio
1691 2564 1827 2601 existent,

348 2615 397 2648 sed
410 2626 516 2647 eorum
526 2616 586 2648 hoc
595 2615 718 2660 quidem
729 2615 765 2648 de
774 2626 871 2648 rerum
882 2612 1054 2646 necessitate
1072 2611 1234 2646 descendit.
1255 2613 1394 2653 Qarum
1411 2621 1521 2646 rerum,
1538 2608 1591 2640 nisi
1604 2607 1780 2642 naturalium
1795 2607 1827 2640 &

348 2660 524 2694 inferiorum
544 2669 552 2692 ἒ
575 2662 612 2693 Et
621 2660 717 2697 addit,
734 2660 807 2693 illud
817 2659 891 2692 vero
901 2658 939 2691 de
948 2661 1092 2701 potestate
1102 2658 1288 2696 facientium,
1299 2657 1337 2689 de
1348 2657 1503 2700 potestate,
1513 2653 1621 2687 scilicet
1629 2652 1769 2697 opposita
1777 2663 1829 2684 ne-

350 2707 480 2738 cessitati
490 2707 652 2748 praemiffae,
671 2705 699 2740 id
710 2708 748 2738 est
759 2705 849 2738 libera
859 2706 876 2738 a
892 2704 1066 2737 necessitate
1074 2704 1249 2737 inferiorum
1258 2701 1412 2735 causarum
1430 2714 1439 2734 :
1455 2698 1627 2733 differentiae
1635 2709 1766 2742 namque
1774 2709 1830 2741 op-

351 2750 516 2795 positorum
527 2751 675 2797 opposita:
687 2751 798 2784 debent
808 2752 875 2783 effe.
901 2750 976 2783 l-laec
984 2751 1076 2792 igitur
1085 2748 1250 2782 secundum
1258 2759 1328 2781 eum
1345 2750 1385 2781 est
1401 2746 1567 2779 differentia
1582 2747 1654 2778 inter
1662 2743 1830 2783 necessaria,

353 2807 424 2840 puta
433 2807 535 2829 ortum
545 2798 634 2836 Solis,
648 2797 678 2830 ὅ(
688 2808 749 2830 non
760 2795 914 2830 neceffiri'a
924 2796 971 2828 sed
981 2795 1083 2832 libera,
1098 2806 1169 2839 puta
1178 2791 1307 2838 gressum
1317 2792 1463 2830 hominis,
1479 2790 1564 2835 quod
1572 2791 1620 2823 illa
1630 2788 1693 2821 sunt
1702 2789 1833 2821 necessa-

355 2843 397 2874 ria
405 2841 536 2886 respedstu
544 2842 720 2877 inferiorum
731 2841 895 2880 causarum,
904 2840 967 2874 haec
975 2840 1050 2875 vero
1060 2851 1265 2885 nequaquam,
1276 2838 1324 2873 sed
1331 2837 1423 2872 libera
1434 2851 1445 2876 ;
1454 2840 1492 2870 ita
1500 2836 1584 2881 quod
1593 2834 1754 2868 secundum
1764 2844 1834 2912 {lim

1749 2891 1766 2912 a
1799 2889 1833 2911 us
