1985 3130
132 1077 144 1096 ι’
153 1068 280 1101 emundat

138 1657 291 1698 Theophilus.

773 99 944 150 ‘Ihomae
954 94 1246 147 ‘Bradwardtni
1649 96 1694 144 L
1715 115 1727 143 i
1744 114 1821 147 ΒΛ.

307 200 473 234 Peccatum
500 205 627 240 quoque
647 195 689 227 est
711 190 869 237 turpitudo
879 215 888 230 ,
918 197 950 224 ὅ(
972 190 1101 233 priuatio
1124 186 1354 233 pulchn‘tudinis
1376 187 1483 223 debitae
1498 200 1508 223 ·‚
1528 200 1622 232 quare
1644 202 1707 223 non
1723 191 1799 225 tolli·
1818 197 1848 230 Α

305 257 353 279 tur
361 244 412 279 nifi
423 254 474 289 per
482 240 670 287 positionem
681 236 804 271 habitus
817 234 1049 282 pulchritudinis
1058 235 1272 279 repugnanti&
1290 232 1420 269 =.haritas
1428 245 1530 267 autem
1539 236 1570 270 ἃ
1578 238 1675 280 gratia
1682 237 1722 270 est
1731 239 1795 269 ani.

305 303 362 324 mae
371 287 566 334 pulchritudo
575 312 584 327 ‚
593 287 641 319 vel
649 285 729 319 illam
738 284 914 317 restaurans.
941 283 1051 321 Quare
1060 280 1091 315 ὅ(
1100 280 1289 325 Augustinus
1304 279 1391 323 super
1403 280 1555 313 Psalmiiin
1566 291 1578 313 i
1586 294 1606 313 ο
1613 284 1794 322 §mausta—

304 347 340 370 tu
349 339 468 382 primo,
478 334 608 367 tra&ans
626 330 698 364 illud
707 331 829 362 Cantici
838 328 1041 361 Canticorum
1054 325 1218 360 secundum
1233 325 1459 359 transsationem
1473 328 1627 372 antiquam
1636 351 1646 366 ‚
1661 329 1743 373 Qae
1754 331 1795 363 est

306 384 358 416 ista
367 393 437 426 quae
447 378 597 413 descendit
604 377 755 412 dealbata?
780 374 941 409 Dealbata‚
949 373 1062 418 inquit,
1068 373 1137 416 quia
1144 383 1209 405 non
1219 381 1272 416 per
1279 371 1306 404 se
1314 369 1382 405 alba
1392 396 1402 412 ‚
1415 373 1446 408 ἃ
1454 372 1558 413 addit3
1568 373 1652 406 Prius
1661 396 1672 411 ,
1687 377 1798 419 inquit,

306 426 351 461 fui
362 425 679 470 blasphemus‚&item
692 434 701 457 ε
717 422 842 455 Fuimus
852 422 933 453 enim
941 425 969 452 st
982 429 1040 451 nos
1047 417 1208 461 aliquando
1218 426 1323 451 namra
1330 416 1384 455 filii
1393 420 1442 452 irae
1452 418 1523 452 ficut
1530 421 1562 454 ἃ
1569 421 1663 454 caeteri
1672 445 1681 460 ,
1698 420 1797 455 Acce*

309 474 353 507 dit
361 474 454 517 gratia
461 471 634 503 illuminans
643 475 673 502 sc
682 467 827 500 dealbans
842 479 850 499 ε
867 462 972 499 Prima
982 466 1066 508 nigra
1073 462 1167 502 fuisti,
1177 461 1226 498 sed
1235 464 1314 496 faeta
1323 473 1354 495 es
1363 463 1430 497 alba
1438 475 1476 497 ex
1492 465 1585 508 gratia
1592 464 1682 510 ipsius
1691 480 1702 506 3
1726 466 1797 500 Fui-

308 521 357 553 stis
366 521 445 551 enim
454 515 620 561 aliquando
629 513 760 547 tenebrae
768 538 777 552 ‚
787 524 869 546 nunc
877 522 979 545 autem
987 511 1039 544 lux
1048 512 1080 543 in
1088 511 1239 543 Domino.
1268 508 1356 541 Idem
1366 508 1460 553 posset
1473 510 1609 544 fimiliter
1616 513 1699 555 argui
1707 535 1715 549 ,
1728 514 1797 556 quia

308 575 467 608 peccatum
474 563 513 596 est
522 558 878 599 iniustitia,infirmitas‚&
885 568 969 590 mors
977 557 1084 589 animae
1093 557 1276 600 peccatricis,
1284 556 1379 599 gratia
1388 556 1463 589 vero
1473 555 1744 597 iustitia,sanitas,&
1754 561 1799 591 vi-

309 621 339 643 ta
349 611 458 642 animae
467 606 666 652 spiritalis,vel
673 604 767 649 ipsam
776 613 946 647 reportans.

367 655 481 687 Adhuc
491 664 591 687 autem
604 650 765 696 specialiter
779 660 884 683 contra
894 651 1024 693 primam
1043 650 1163 682 istarum
1178 645 1326 680 dicentem
1342 646 1501 682 hominem
1510 646 1602 691 seper
1610 646 1637 682 se
1645 650 1662 682 a
1672 659 1798 693 peccato

309 700 457 734 mundare
468 698 607 739 3velhoc
615 699 655 731 est
665 698 829 742 peractum
845 694 997 728 mundum
1013 694 1061 727 vel
1076 692 1282 726 immundum.
1305 694 1336 725 Si
1353 703 1406 737 per
1420 693 1570 727 mundum
1586 693 1647 738 ipse
1662 696 1745 740 prius
1758 697 1800 729 est

311 745 441 780 mundus
452 745 524 778 ficut
533 756 569 778 ex
578 741 732 788 praemiisis
741 751 874 786 apparet:
901 740 995 774 Vnde
1005 741 1036 776 ὅ(
1044 738 1180 772 Martha
1188 748 1202 779 3
1211 762 1218 770 .
1240 739 1295 772 Vae
1304 737 1408 779 vobis,
1417 743 1479 772 διε.
1491 741 1540 783 qui
1549 740 1702 774 mundatis
1712 742 1800 786 quod
1811 757 1836 790 Β

310 792 424 826 deforis
431 793 472 824 est
480 791 581 823 calicis
591 794 622 821 sc
636 786 801 833 perapsidis
811 811 820 825 ,
830 788 910 819 intus
923 797 1024 820 autem
1031 785 1112 830 pleni
1121 785 1187 818 estis
1195 786 1297 828 rapina
1308 790 1339 817 3<
1355 784 1562 818 immunditia?
1589 785 1737 819 Pharisaee
1745 799 1801 821 cae-

311 849 345 870 ce
357 863 365 875 ‚
382 835 498 869 munda
508 835 590 881 prius
598 833 680 879 quod
691 835 770 867 intus
780 835 820 867 est
829 833 929 865 calicis
937 832 967 867 ὅ(
976 829 1141 876 parapsidis
1150 855 1161 870 ‚
1176 841 1209 864 vt
1216 829 1267 863 fiat
1274 829 1347 863 illud
1358 831 1444 876 quod
1458 830 1569 865 deforis
1577 833 1618 864 est
1636 832 1798 867 mundum.

310 885 455 927 Dicitque
466 881 632 926 Apostolus
643 879 682 912 ad
693 879 802 912 Titum
811 880 912 922 primo
922 901 932 915 ‚
956 879 1076 911 Omnia
1092 875 1206 910 munda
1218 875 1339 909 mundis
1348 901 1357 914 ,
1370 877 1573 921 coinquinatis
1580 888 1681 911 autern
1692 885 1723 912 ὅ(
1733 878 1802 911 infi-

311 927 428 963 delibus
440 927 513 961 nihil
524 925 675 960 mundum
691 923 807 962 est‚sed
816 925 978 969 inquinata:
992 922 1058 957 sunt
1066 933 1151 956 mens
1169 932 1274 955 eorum
1290 921 1321 955 ὅ(
1337 921 1531 956 conscientia.
1553 923 1625 956 Nec
1636 935 1688 968 per
1702 927 1803 958 astum

313 975 519 1009 immundum.
564 971 746 1013 Quomodo
756 981 890 1017 namque
906 966 1003 1014 poffet
1018 967 1193 1002 immundus
1207 978 1259 1012 per
1274 966 1356 1000 suam
1372 968 1595 1003 immunditiam
1611 969 1804 1004 immundum

314 1026 453 1065 purgare?
486 1018 578 1053 Vnde
587 1025 618 1052 δε
628 1016 823 1050 Ecclefiastici
831 1026 882 1059 34.
908 1013 1130 1048 Abimmundo
1138 1013 1208 1058 quid
1224 1012 1430 1048 mundabitur?
1447 1015 1478 1049 ἃ
1489 1014 1505 1046 ὲ
1514 1014 1661 1049 mendace
1671 1015 1744 1060 quid
1753 1027 1802 1050 ve-

316 1078 381 1100 rum
392 1066 520 1098 dicetur?
557 1063 643 1097 Talis
654 1073 757 1095 autem
767 1064 819 1107 qui
830 1060 917 1105 seper
930 1059 959 1093 se
968 1061 986 1093 ὲ
995 1061 1126 1105 peccatis
1140 1060 1196 1092 suis
1206 1059 1356 1098 Memendat
1365 1084 1374 1096 ‚
1384 1060 1415 1095 ὃ(
1423 1060 1462 1092 iic
1468 1062 1596 1103 gratiam
1607 1072 1806 1106 promeretur,

318 1124 381 1146 non
392 1111 482 1144 habet
492 1121 582 1143 orare
599 1120 669 1141 cum
679 1110 792 1142 caeteris
802 1106 938 1140 Ecclefiae
948 1105 1017 1144 filiis
1029 1131 1037 1144 ,
1061 1103 1201 1139 Miserere
1207 1106 1268 1137 mei
1277 1106 1360 1139 Deus
1367 1104 1526 1139 secundum
1535 1117 1678 1151 magnam
1693 1107 1807 1141 miseri·

319 1158 456 1191 cordiam
466 1167 549 1189 tuam
561 1181 570 1195 ,
580 1150 629 1188 sed
639 1156 776 1187 Domine
785 1178 794 1192 ‚
804 1152 897 1186 redde
911 1151 989 1185 mihi
1004 1153 1144 1186 iustitiam
1154 1149 1318 1184 secundum
1328 1153 1514 1228 exipentiam
1524 1155 1702 1185 meritorum
1720 1164 1806 1188 meo-

318 1215 403 1237 rum;
422 1214 476 1236 nec
485 1200 575 1235 haber
586 1200 710 1233 vlterius
719 1199 818 1233 dicere
827 1222 836 1237 ‚
869 1199 906 1231 Et
917 1197 1081 1231 secundum
1090 1195 1319 1230 multitudinem
1333 1198 1375 1229 rni
1389 1199 1560 1230 erationurn
1569 1208 1698 1236 tuarum,
1707 1199 1755 1231 sed
1763 1202 1808 1233 iu-

319 1252 462 1284 stitiarum
475 1257 591 1280 tuarum
601 1246 684 1286 ,dele
693 1247 883 1291 iniquitatem
899 1255 1011 1278 meam.
1036 1242 1110 1276 Ιπιὸ
1117 1254 1181 1276 non
1199 1240 1260 1274 hoc
1267 1241 1355 1275 debet
1369 1242 1585 1276 rationabiliter
1600 1255 1699 1288 petere
1712 1270 1722 1285 ,
1738 1257 1809 1278 cum

320 1307 385 1328 non
395 1296 488 1330 Deus,
497 1293 546 1325 sed
555 1292 798 1335 ipseim'quitares
808 1292 870 1324 suas
877 1289 985 1329 deleat,
995 1289 1068 1322 ficut
1076 1288 1166 1321 dicit:
1185 1288 1293 1328 Quare
1308 1299 1363 1321 nec
1379 1287 1470 1322 habet
1478 1289 1693 1332 consequenter
1709 1302 1807 1329 orare,

320 1340 466 1383 Amplius
484 1339 550 1371 laua
559 1348 622 1376 me,
634 1339 692 1372 ἃς.
719 1337 869 1380 Asperges
881 1347 930 1369 me
937 1336 1078 1368 Domine
1087 1357 1096 1372 ‚
1114 1333 1234 1378 hysopo
1243 1333 1273 1367 ἃ
1282 1333 1530 1371 mundabor,&c,
1559 1335 1668 1369 Talem
1686 1347 1810 1381 quoque
1835 1322 1865 1355 C

321 1397 383 1420 non
392 1396 514 1429 oportet
522 1383 643 1427 aliquod
652 1383 841 1427 participium
851 1381 1009 1415 vendicare
1023 1379 1174 1413 benedieti
1188 1380 1340 1424 sanguinis
1350 1378 1413 1413 Iesu
1431 1379 1543 1413 Christi
1553 1405 1562 1416 ‚
1579 1392 1630 1426 qui
1642 1392 1697 1425 pro
1706 1384 1810 1416 multis

322 1443 383 1464 erat
399 1429 508 1464 effusus
518 1441 548 1462 in
564 1430 772 1463 remissionem
788 1425 1083 1472 peccatorum,sicut
1091 1426 1254 1468 Euangelia
1265 1432 1295 1458 δι
1305 1435 1368 1458 tota
1376 1427 1435 1458 Dei
1452 1425 1580 1459 Ecclesia
1594 1429 1806 1461 contestantur:

323 1477 421 1510 Potest
430 1478 512 1509 enim
520 1475 548 1508 se
558 1474 644 1519 perst
652 1473 810 1507 mundare.
834 1473 915 1506 Nori
923 1470 962 1504 sic
970 1482 1080 1510 autem,
1088 1482 1152 1504 non
1161 1470 1200 1502 fic
1208 1471 1366 1503 Dominus
1373 1472 1434 1514 ipse
1441 1470 1528 1505 sentit
1537 1496 1546 1510 ‚
1557 1483 1625 1504 cum
1636 1483 1689 1515 per
1696 1473 1810 1508 Esaiam

322 1533 362 1565 43
371 1548 378 1556 .
388 1525 427 1555 ita
437 1521 527 1560 dicit,
551 1521 617 1564 Ego
628 1518 691 1552 sum
700 1544 710 1558 ,
718 1531 777 1563 ego
787 1517 921 1562 sumipse
930 1516 1078 1562 quideleo
1088 1517 1265 1560 iniquitates
1273 1528 1337 1550 tuas
1346 1541 1359 1557 ‚
1384 1517 1452 1561 Ego
1462 1517 1526 1550 sum
1537 1518 1649 1563 ‚inquit
1660 1542 1668 1555 ‚
1678 1530 1737 1563 ego
1744 1519 1810 1552 sum

322 1569 393 1612 ipse,
403 1567 509 1601 icilicet
519 1567 687 1604 discretiue,
699 1564 929 1598 sicvttestantur
937 1564 1147 1599 Grammatici,
1157 1561 1186 1594 id
1197 1562 1238 1594 est
1247 1586 1256 1600 ‚
1265 1574 1324 1606 ego
1334 1562 1381 1602 ,ἃ
1390 1562 1487 1596 nullus
1497 1564 1571 1595 alius
1582 1587 1591 1600 ,
1601 1565 1652 1608 qui
1660 1564 1748 1598 deleo
1757 1567 1812 1599 ini-

347 1616 450 1647 uitatcs
460 1623 536 1645 tuas:
564 1611 628 1655 Ipse
637 1614 717 1645 enim
727 1610 767 1642 cst
783 1611 895 1654 Agnus
910 1610 968 1642 Dei
976 1608 1028 1653 qui
1037 1608 1117 1642 tollit
1124 1618 1242 1653 peccata
1258 1608 1382 1641 mundi.
1395 1608 1482 1641 Ioan.
1496 1619 1524 1641 1.
1533 1615 1563 1642 δε
1574 1620 1694 1652 peccata
1703 1610 1811 1645 mundi

324 1626 395 1693 sicut
405 1657 532 1691 Ecclesia
540 1668 602 1690 tota
611 1658 701 1690 canit.
727 1658 834 1697 Quare
842 1663 873 1690 &
882 1653 1076 1700 Theophilus
1085 1652 1156 1687 sicut
1163 1653 1310 1697 allegatur
1319 1665 1348 1686 in
1359 1654 1463 1687 Glossa
1470 1678 1477 1691 .
1488 1657 1598 1700 Qre
1607 1679 1614 1691 ‚
1622 1657 1721 1699 inquit
1730 1681 1737 1693 ,
1748 1667 1811 1690 non

325 1704 399 1738 dixit
408 1714 528 1749 peccata
537 1702 644 1736 mundi
654 1727 664 1742 ,
677 1700 726 1734 sed
737 1708 907 1746 peccatum?
931 1710 965 1733 vt
972 1699 1108 1734 videlicet
1122 1710 1176 1743 per
1185 1698 1244 1732 hoc
1252 1699 1336 1743 quod
1344 1698 1418 1732 dixit
1427 1710 1584 1743 peccatum
1593 1724 1604 1741 ‚
1613 1703 1813 1736 vniuersaliter

325 1761 482 1796 peccatum
493 1748 774 1782 videreturinnuere
782 1771 791 1787 ‚
808 1746 880 1781 sicut
893 1744 1108 1780 consueuimus
1117 1745 1215 1778 dicere
1224 1769 1234 1782 ,
1241 1745 1326 1790 quod
1336 1745 1435 1778 homo
1445 1746 1553 1780 eiectus
1568 1747 1608 1780 est
1616 1746 1653 1780 de
1661 1749 1811 1790 paradiio,

326 1796 356 1828 id
366 1798 405 1829 est
414 1807 508 1828 omne
519 1805 614 1838 genus
622 1792 804 1827 humanum.
827 1795 988 1837 Docetque
995 1792 1079 1836 Aug.
1087 1792 1175 1836 super
1181 1790 1266 1824 illum
1275 1790 1374 1824 locum
1383 1788 1521 1825 sermone
1528 1798 1577 1835 4⁰.
1585 1792 1668 1836 quod
1677 1803 1811 1838 vtrumq;

325 1843 449 1874 istorum
460 1866 469 1877 ,
486 1842 562 1873 Ecce
574 1840 682 1884 Agnus
699 1840 759 1872 Dei
770 1849 856 1876 ,ecce
863 1851 914 1883 qui
929 1837 1173 1882 tollitpeccatum
1188 1835 1313 1873 mundi,
1330 1835 1420 1870 debet
1433 1839 1527 1880 accipi
1544 1837 1699 1872 discretiue
1713 1840 1811 1873 modo
1826 1855 1855 1887 D

325 1887 482 1931 praedisto.
506 1887 675 1926 Quietiam
685 1884 757 1918 sicut
770 1884 953 1928 allegaturin
970 1884 1103 1918 Canone
1111 1883 1150 1915 de
1165 1883 1338 1916 Consecrat.
1350 1881 1448 1925 dist.4.
1480 1883 1811 1926 Nemo.&4.sentent.

326 1932 494 1966 Lumbardi
503 1931 567 1964 dist.
580 1942 587 1963 i
596 1931 627 1965 8.
653 1931 775 1970 Nemo,
783 1931 895 1975 inquit,
905 1929 985 1962 tollit
1000 1939 1122 1973 peccata
1130 1927 1237 1962 mundi
1245 1927 1300 1960 nisi
1309 1927 1446 1960 Christus
1454 1953 1464 1968 ‚
1479 1932 1530 1973 qui
1539 1930 1578 1962 est
1586 1929 1693 1974 Agnus
1702 1931 1811 1964 tollens

326 1989 448 2023 peccata
458 1977 574 2010 mundi.
599 1978 700 2010 Cui&
711 1974 806 2010 fimile
813 1975 934 2009 estillud
943 1974 1022 2008 insta
1032 1998 1042 2012 ‚
1054 1973 1164 2008 eodem
1174 1998 1183 2011 ‚
1206 1973 1268 2006 Hic
1276 1973 1316 2006 est
1324 1974 1374 2017 qui
1389 1972 1559 2016 baptizarin
1569 1975 1681 2018 Spiritu
1689 1977 1815 2018 Sancto,

326 2023 411 2069 quod
423 2029 452 2055 Sc
465 2022 832 2066 similiterintelligitAug.
841 2021 881 2054 ibi
888 2020 1024 2054 sermone
1034 2026 1077 2061 5⁰.
1086 2019 1209 2052 historia
1216 2017 1402 2058 scholastica,
1410 2020 1492 2064 alijq;
1501 2021 1654 2054 Doaores
1663 2045 1672 2058 ,
1689 2021 1750 2054 Hic
1758 2021 1813 2055 sti-

326 2071 405 2104 licet,
415 2074 445 2104 &
454 2080 516 2101 non
525 2069 600 2102 alius
609 2092 617 2104 ‚
627 2068 675 2100 sed
687 2067 734 2099 hic
741 2066 840 2106 solus;
857 2066 964 2111 quibus
974 2073 1005 2100 δε
1015 2064 1162 2099 consonat
1177 2064 1252 2098 illud
1267 2065 1375 2097 Αᾶοῐ.
1390 2075 1398 2095 1
1412 2075 1438 2108 5.
1461 2067 1620 2109 Qinouit
1628 2067 1720 2100 corda
1728 2069 1812 2103 Deus

327 2115 535 2148 testimonium
545 2113 697 2157 perhibuit
705 2113 781 2146 dans
789 2112 845 2146 illis
855 2113 1002 2156 Spiritum
1013 2112 1171 2149 Sanctum,
1178 2111 1237 2144 ἃς.
1260 2109 1321 2143 fide
1328 2110 1484 2153 purificans
1492 2111 1587 2145 corda
1595 2122 1712 2152 eorum,
1720 2117 1750 2148 δι
1758 2114 1813 2147 alia

327 2162 392 2193 loca
400 2161 504 2193 multa.
529 2162 636 2203 Qare
645 2159 676 2193 δι
686 2158 769 2202 Aug.
778 2160 808 2192 in
817 2157 956 2191 sermone
963 2156 1001 2189 de
1008 2157 1180 2190 remissione
1194 2166 1388 2201 peccatorum
1402 2178 1410 2192 ,
1420 2154 1494 2189 sicut
1502 2157 1682 2202 allegaturin
1693 2159 1771 2192 Can.
1784 2170 1811 2192 t.

327 2219 357 2251 q.
368 2216 378 2238 i
388 2231 395 2237 .
412 2208 455 2239 Vt
464 2205 626 2238 euidenter.
651 2206 695 2237 Vt
703 2201 1358 2247 euidenter‚iuquit‚ostenderetDominus,a
1366 2202 1475 2241 Spiritu
1486 2204 1715 2247 Sancto.quem
1723 2205 1817 2239 dona·

329 2253 371 2284 nit
383 2250 439 2284 suis
449 2249 603 2289 fidelibus,
612 2250 721 2283 dimitti
729 2260 862 2293 peccata,
870 2260 933 2281 non
941 2246 1054 2280 meritis
1063 2246 1461 2291 hominum,quodamloco
1475 2249 1514 2281 fic
1524 2251 1583 2288 ait,
1598 2250 1738 2295 Accipite
1746 2251 1814 2295 Spi-

330 2303 420 2330 ritum
431 2298 573 2330 Sanctum
584 2297 628 2331 ,ἃ
637 2294 786 2328 continuo
798 2293 939 2333 subiecit,
961 2295 990 2327 Si
999 2294 1048 2325 cui
1057 2290 1224 2327 dimiscritis
1232 2302 1364 2337 peccata,
1373 2295 1565 2329 remittuntur
1572 2296 1610 2332 ei,
1621 2293 1680 2328 hoc
1691 2297 1744 2335 est,
1752 2298 1815 2340 Spi—

330 2345 399 2376 ritus
418 2343 545 2374 Sanetus
561 2341 684 2374 dimittit
701 2365 711 2379 ,
721 2352 784 2373 non
795 2351 862 2372 vos,
889 2339 973 2374 Idem
985 2338 1071 2383 super
1085 2338 1157 2371 illud
1173 2338 1255 2372 Ioan.
1267 2349 1281 2370 2
1289 2349 1320 2370 0.
1343 2339 1480 2384 Accipite
1492 2342 1638 2384 Spiritum
1654 2342 1814 2383 Sanctum,

331 2392 471 2430 Qoriim
481 2387 648 2420 remiseritis
657 2397 790 2430 peccata,
797 2387 991 2418 remittuntur
998 2387 1048 2421 eis,
1057 2385 1087 2419 ἃ
1096 2395 1226 2428 quorum
1235 2385 1411 2417 retinueritis
1420 2409 1428 2422 ‚
1438 2396 1552 2419 retenta
1559 2385 1638 2424 sunt,
1646 2387 1814 2430 part.2.ho·
1831 2410 1853 2441 Ε

332 2434 412 2465 milia
423 2438 475 2473 67.
485 2434 533 2464 seu
545 2443 554 2464 i
564 2442 578 2462 a
587 2442 597 2462 r
606 2456 614 2465 .
625 2433 729 2470 totius,
738 2429 775 2463 fic
783 2433 841 2470 ait;
864 2430 1000 2464 Ecclefiae
1009 2429 1135 2462 charitas
1144 2441 1209 2473 quae
1218 2441 1271 2474 pcr
1278 2431 1422 2473 Spiritum
1431 2433 1574 2465 Sanctum
1590 2432 1768 2467 diffunditur
1783 2435 1813 2467 in

330 2477 469 2511 cordibus
482 2478 790 2521 nostris.parricipum
801 2477 921 2509 suorum
936 2485 1059 2521 peccata
1067 2475 1206 2509 dimittit}
1225 2477 1340 2509 Eorum
1356 2487 1456 2510 autem
1467 2479 1520 2522 qui
1530 2489 1592 2511 non
1608 2477 1741 2512 sunteius
1751 2489 1814 2522 par-

332 2525 450 2567 ticipes,
462 2523 633 2561 tenet3ideo
644 2524 747 2567 postea
754 2522 847 2566 quarn
857 2521 934 2554 dixit
945 2546 954 2560 ‚
976 2522 1115 2564 Accipite
1131 2522 1272 2566 Spiritum
1281 2522 1426 2555 sanetum
1436 2547 1445 2561 ,
1456 2521 1516 2556 hoc
1531 2525 1682 2558 continuo
1698 2524 1735 2557 de
1743 2536 1812 2569 pec-

333 2580 473 2600 catorum
490 2569 681 2605 remissione,
696 2579 728 2600 ac
744 2566 921 2601 detentione
935 2565 1069 2600 subiecit.
1092 2569 1194 2609 Qare
1210 2573 1241 2600 &
1255 2567 1326 2600 dicit
1345 2567 1496 2612 Propheta
1514 2593 1524 2607 ‚
1540 2569 1653 2602 Emitte
1669 2571 1812 2614 Spiritum

332 2624 417 2645 tuum
430 2639 437 2650 ,
449 2615 478 2648 ἃ
488 2613 707 2651 creabuntur,&
717 2613 881 2646 renouabis
895 2613 1001 2646 facicm
1010 2623 1094 2645 terrae
1103 2639 1113 2652 ,
1123 2612 1241 2645 Psalmo
1253 2623 1264 2644 i
1273 2623 1326 2653 03.
1338 2614 1433 2658 Super
1440 2614 1526 2659 quod
1536 2615 1617 2659 Aug.
1626 2640 1635 2653 ‚
1653 2616 1812 2660 Pauperes,

332 2661 430 2703 inquit
444 2684 450 2696 ,
462 2660 561 2701 spiritu
578 2660 739 2692 noluerunt
754 2658 864 2692 habere
877 2658 1011 2702 spiritum
1025 2657 1112 2691 suum
1123 2681 1131 2695 ,
1147 2657 1300 2692 habebunt
1314 2658 1447 2702 spiritum
1458 2661 1533 2699 Dei3
1557 2660 1618 2694 hoc
1631 2664 1711 2695 enim
1726 2663 1816 2701 dixit,

334 2705 410 2737 Non
419 2706 498 2737 enim
509 2716 562 2735 vos
571 2706 635 2737 estis
644 2707 693 2748 qui
705 2705 862 2748 loquimini
875 2703 939 2739 ,sed
950 2705 1078 2748 Spiritus
1085 2703 1181 2737 Patris
1188 2704 1273 2738 vestri
1283 2728 1292 2741 ,
1309 2708 1360 2748 qui
1376 2705 1543 2749 loquiturin
1558 2705 1654 2740 vobis.
1686 2707 1814 2742 Emitres

330 2751 461 2794 spiritum
472 2761 553 2783 tuum
565 2750 594 2783 ὀ(
607 2748 795 2783 creabuntur:
814 2750 909 2794 Ipsius
917 2751 997 2783 enim
1006 2749 1186 2793 figmentum
1197 2750 1306 2785 sumus,
1318 2750 1389 2784 dicit
1398 2751 1565 2796 Apostolus
1574 2755 1660 2786 creati
1675 2755 1706 2785 in
1715 2755 1814 2796 operi-

329 2795 382 2829 bus
394 2794 492 2829 bonis.
508 2798 537 2829 A
548 2795 649 2840 spiritu
658 2797 721 2830 eius
729 2798 900 2840 accepimus
908 2797 1034 2841 gratiam
1046 2820 1055 2834 ,
1072 2796 1226 2830 vtiustitiae
1235 2799 1372 2830 viuamus
1382 2820 1391 2835 ,
1412 2799 1484 2842 quia
1497 2795 1558 2841 ipse
1568 2798 1608 2831 est
1616 2800 1667 2842 qui
1675 2798 1812 2832 iustificat

1678 2846 1808 2888 impium
