<?xml version="1.0" encoding="UTF-8"?>
<!DOCTYPE html PUBLIC "-//W3C//DTD XHTML 1.0 Transitional//EN"
    "http://www.w3.org/TR/xhtml1/DTD/xhtml1-transitional.dtd">
<html xmlns="http://www.w3.org/1999/xhtml" xml:lang="en" lang="en">
 <head>
  <title>
</title>
<meta http-equiv="Content-Type" content="text/html;charset=utf-8" />
  <meta name='ocr-system' content='tesseract 3.04.00' />
  <meta name='ocr-capabilities' content='ocr_page ocr_carea ocr_par ocr_line ocrx_word'/>
</head>
<body>
  <div class='ocr_page' id='page_1' title='image "./decausadeicontra00braduoft_0830.png"; bbox 0 0 1985 3130; ppageno 0'>
   <div class='ocr_carea' id='block_1_1' title="bbox 225 154 1844 226">
    <p class='ocr_par' dir='ltr' id='par_1_1' title="bbox 225 154 1844 226">
     <span class='ocr_line' id='line_1_1' title="bbox 225 154 1844 226; baseline 0.004 -23"><span class='ocrx_word' id='word_1_1' title='bbox 225 187 254 226; x_wconf 80' lang='lat'><strong>7</strong></span> <span class='ocrx_word' id='word_1_2' title='bbox 263 184 323 223; x_wconf 81' lang='lat'>90</span> <span class='ocrx_word' id='word_1_3' title='bbox 794 158 964 208; x_wconf 78' lang='lat' dir='ltr'>Thomae</span> <span class='ocrx_word' id='word_1_4' title='bbox 983 154 1274 207; x_wconf 71' lang='lat' dir='ltr'>fBradwardini</span> <span class='ocrx_word' id='word_1_5' title='bbox 1670 157 1710 208; x_wconf 89' lang='lat' dir='ltr'>L</span> <span class='ocrx_word' id='word_1_6' title='bbox 1724 177 1736 207; x_wconf 92' lang='lat' dir='ltr'>i</span> <span class='ocrx_word' id='word_1_7' title='bbox 1753 178 1795 207; x_wconf 78' lang='lat' dir='ltr'>n.</span> <span class='ocrx_word' id='word_1_8' title='bbox 1807 176 1844 223; x_wconf 84' lang='lat'>3.</span> 
     </span>
    </p>
   </div>
   <div class='ocr_carea' id='block_1_2' title="bbox 130 262 296 302">
    <p class='ocr_par' dir='ltr' id='par_1_2' title="bbox 130 262 296 302">
     <span class='ocr_line' id='line_1_2' title="bbox 130 262 296 302; baseline 0.006 -13"><span class='ocrx_word' id='word_1_9' title='bbox 130 262 296 302; x_wconf 50' lang='lat' dir='ltr'>Aqgussinus.</span> 
     </span>
    </p>
   </div>
   <div class='ocr_carea' id='block_1_3' title="bbox 135 354 275 391">
    <p class='ocr_par' dir='ltr' id='par_1_3' title="bbox 135 354 275 391">
     <span class='ocr_line' id='line_1_3' title="bbox 135 354 275 391; baseline -0.014 -8"><span class='ocrx_word' id='word_1_10' title='bbox 135 354 275 391; x_wconf 67' lang='lat' dir='ltr'>Anftlmus.</span> 
     </span>
    </p>
   </div>
   <div class='ocr_carea' id='block_1_4' title="bbox 134 444 301 485">
    <p class='ocr_par' dir='ltr' id='par_1_4' title="bbox 134 444 301 485">
     <span class='ocr_line' id='line_1_4' title="bbox 134 444 301 485; baseline -0.018 -10"><span class='ocrx_word' id='word_1_11' title='bbox 134 444 301 485; x_wconf 71' lang='lat' dir='ltr'>Philofiaphm.</span> 
     </span>
    </p>
   </div>
   <div class='ocr_carea' id='block_1_5' title="bbox 154 1754 312 1794">
    <p class='ocr_par' dir='ltr' id='par_1_5' title="bbox 154 1754 312 1794">
     <span class='ocr_line' id='line_1_5' title="bbox 154 1754 312 1794; baseline -0.019 -9"><span class='ocrx_word' id='word_1_12' title='bbox 154 1754 312 1794; x_wconf 72' lang='lat' dir='ltr'>‘Philosophus</span> 
     </span>
    </p>
   </div>
   <div class='ocr_carea' id='block_1_6' title="bbox 157 1894 290 1924">
    <p class='ocr_par' dir='ltr' id='par_1_6' title="bbox 157 1894 290 1924">
     <span class='ocr_line' id='line_1_6' title="bbox 157 1894 290 1924; baseline 0 -3"><span class='ocrx_word' id='word_1_13' title='bbox 157 1894 186 1924; x_wconf 81' lang='lat' dir='ltr'><em>A</em></span> <span class='ocrx_word' id='word_1_14' title='bbox 191 1903 290 1922; x_wconf 66' lang='grc' dir='ltr'>νην-ου.</span> 
     </span>
    </p>
   </div>
   <div class='ocr_carea' id='block_1_7' title="bbox 309 245 1850 2889">
    <p class='ocr_par' dir='ltr' id='par_1_7' title="bbox 309 245 1850 2889">
     <span class='ocr_line' id='line_1_7' title="bbox 309 245 1844 299; baseline -0.004 -11"><span class='ocrx_word' id='word_1_15' title='bbox 309 258 339 293; x_wconf 70' lang='grc' dir='ltr'>ἃ</span> <span class='ocrx_word' id='word_1_16' title='bbox 349 267 456 289; x_wconf 77' lang='lat' dir='ltr'>contra</span> <span class='ocrx_word' id='word_1_17' title='bbox 466 255 669 299; x_wconf 77' lang='lat' dir='ltr'>Augustinum</span> <span class='ocrx_word' id='word_1_18' title='bbox 676 252 754 296; x_wconf 80' lang='lat' dir='ltr'>5.de</span> <span class='ocrx_word' id='word_1_19' title='bbox 761 250 934 285; x_wconf 85' lang='lat' dir='ltr'>Trinit.vlt.</span> <span class='ocrx_word' id='word_1_20' title='bbox 951 248 1004 283; x_wconf 89' lang='lat' dir='ltr'>vbi</span> <span class='ocrx_word' id='word_1_21' title='bbox 1013 249 1098 287; x_wconf 87' lang='lat' dir='ltr'>dicit,</span> <span class='ocrx_word' id='word_1_22' title='bbox 1111 248 1237 279; x_wconf 84' lang='lat' dir='ltr'><strong>Amicus</strong></span> <span class='ocrx_word' id='word_1_23' title='bbox 1252 245 1374 282; x_wconf 74' lang='lat' dir='ltr'>relative</span> <span class='ocrx_word' id='word_1_24' title='bbox 1384 249 1491 282; x_wconf 89' lang='lat' dir='ltr'>dicitur</span> <span class='ocrx_word' id='word_1_25' title='bbox 1508 263 1517 283; x_wconf 89' lang='lat'><strong>:</strong></span> <span class='ocrx_word' id='word_1_26' title='bbox 1535 253 1721 295; x_wconf 79' lang='lat' dir='ltr'>nequeenim</span> <span class='ocrx_word' id='word_1_27' title='bbox 1729 254 1788 285; x_wconf 77' lang='lat' dir='ltr'>effe</span> <span class='ocrx_word' id='word_1_28' title='bbox 1813 261 1844 293; x_wconf 78' lang='grc' dir='ltr'>Α</span> 
     </span>
     <span class='ocr_line' id='line_1_8' title="bbox 309 292 1789 345; baseline -0.002 -10"><span class='ocrx_word' id='word_1_29' title='bbox 309 303 425 345; x_wconf 85' lang='lat' dir='ltr'>incipit,</span> <span class='ocrx_word' id='word_1_30' title='bbox 436 301 566 334; x_wconf 79' lang='lat' dir='ltr'>uilicum</span> <span class='ocrx_word' id='word_1_31' title='bbox 575 311 676 332; x_wconf 85' lang='lat' dir='ltr'>amare</span> <span class='ocrx_word' id='word_1_32' title='bbox 684 299 813 342; x_wconf 85' lang='lat' dir='ltr'>coeperit</span> <span class='ocrx_word' id='word_1_33' title='bbox 829 309 837 328; x_wconf 90' lang='lat'>:</span> <span class='ocrx_word' id='word_1_34' title='bbox 855 295 889 329; x_wconf 85' lang='lat' dir='ltr'>fit</span> <span class='ocrx_word' id='word_1_35' title='bbox 896 306 970 340; x_wconf 86' lang='lat' dir='ltr'>ergo</span> <span class='ocrx_word' id='word_1_36' title='bbox 979 294 1075 337; x_wconf 81' lang='lat' dir='ltr'>aliqua</span> <span class='ocrx_word' id='word_1_37' title='bbox 1085 293 1213 326; x_wconf 78' lang='lat' dir='ltr'>mutatio</span> <span class='ocrx_word' id='word_1_38' title='bbox 1227 292 1400 330; x_wconf 75' lang='lat' dir='ltr'>voluntatis,</span> <span class='ocrx_word' id='word_1_39' title='bbox 1416 304 1569 328; x_wconf 76' lang='lat' dir='ltr'>vtamicus</span> <span class='ocrx_word' id='word_1_40' title='bbox 1586 297 1709 331; x_wconf 85' lang='lat' dir='ltr'>dicatur.</span> <span class='ocrx_word' id='word_1_41' title='bbox 1732 300 1789 331; x_wconf 89' lang='lat' dir='ltr'>Di·</span> 
     </span>
     <span class='ocr_line' id='line_1_9' title="bbox 310 339 1791 393; baseline -0.007 -13"><span class='ocrx_word' id='word_1_42' title='bbox 310 352 412 393; x_wconf 84' lang='lat' dir='ltr'>eitque</span> <span class='ocrx_word' id='word_1_43' title='bbox 420 348 581 380; x_wconf 81' lang='lat' dir='ltr'>Anieimus</span> <span class='ocrx_word' id='word_1_44' title='bbox 589 345 626 379; x_wconf 92' lang='lat' dir='ltr'>de</span> <span class='ocrx_word' id='word_1_45' title='bbox 636 347 733 377; x_wconf 85' lang='lat' dir='ltr'>libero</span> <span class='ocrx_word' id='word_1_46' title='bbox 742 341 866 375; x_wconf 85' lang='lat' dir='ltr'>arbitrio</span> <span class='ocrx_word' id='word_1_47' title='bbox 873 352 908 383; x_wconf 91' lang='lat'>7.</span> <span class='ocrx_word' id='word_1_48' title='bbox 916 340 1002 384; x_wconf 77' lang='lat' dir='ltr'>quod</span> <span class='ocrx_word' id='word_1_49' title='bbox 1012 341 1061 372; x_wconf 89' lang='lat' dir='ltr'>illa</span> <span class='ocrx_word' id='word_1_50' title='bbox 1068 339 1219 376; x_wconf 67' lang='lat' dir='ltr'>voluntas,</span> <span class='ocrx_word' id='word_1_51' title='bbox 1229 347 1295 380; x_wconf 83' lang='lat' dir='ltr'>quae</span> <span class='ocrx_word' id='word_1_52' title='bbox 1303 339 1342 370; x_wconf 79' lang='lat' dir='ltr'>est</span> <span class='ocrx_word' id='word_1_53' title='bbox 1349 350 1439 383; x_wconf 88' lang='lat' dir='ltr'>opus,</span> <span class='ocrx_word' id='word_1_54' title='bbox 1449 341 1554 373; x_wconf 79' lang='lat' dir='ltr'>scilieet</span> <span class='ocrx_word' id='word_1_55' title='bbox 1561 345 1644 375; x_wconf 63' lang='lat' dir='ltr'>aaus</span> <span class='ocrx_word' id='word_1_56' title='bbox 1655 344 1791 377; x_wconf 72' lang='lat' dir='ltr'>volunta-</span> 
     </span>
     <span class='ocr_line' id='line_1_10' title="bbox 313 383 1791 437; baseline -0.005 -10"><span class='ocrx_word' id='word_1_57' title='bbox 313 396 363 432; x_wconf 86' lang='lat' dir='ltr'>tis,</span> <span class='ocrx_word' id='word_1_58' title='bbox 380 405 446 437; x_wconf 84' lang='lat' dir='ltr'>qua:</span> <span class='ocrx_word' id='word_1_59' title='bbox 454 394 494 425; x_wconf 81' lang='lat' dir='ltr'>est</span> <span class='ocrx_word' id='word_1_60' title='bbox 503 393 732 424; x_wconf 85' lang='lat' dir='ltr'>instrumentum</span> <span class='ocrx_word' id='word_1_61' title='bbox 743 388 876 421; x_wconf 86' lang='lat' dir='ltr'>naturale</span> <span class='ocrx_word' id='word_1_62' title='bbox 885 385 1017 422; x_wconf 85' lang='lat' dir='ltr'>volendi,</span> <span class='ocrx_word' id='word_1_63' title='bbox 1033 395 1096 417; x_wconf 89' lang='lat' dir='ltr'>tam</span> <span class='ocrx_word' id='word_1_64' title='bbox 1113 383 1273 427; x_wconf 79' lang='lat' dir='ltr'>multiplex</span> <span class='ocrx_word' id='word_1_65' title='bbox 1282 385 1321 417; x_wconf 82' lang='lat' dir='ltr'>est</span> <span class='ocrx_word' id='word_1_66' title='bbox 1338 386 1545 429; x_wconf 65' lang='lat' dir='ltr'>quammulta,</span> <span class='ocrx_word' id='word_1_67' title='bbox 1561 387 1590 421; x_wconf 74' lang='grc' dir='ltr'>ἂ</span> <span class='ocrx_word' id='word_1_68' title='bbox 1607 388 1698 432; x_wconf 66' lang='lat' dir='ltr'>quam</span> <span class='ocrx_word' id='word_1_69' title='bbox 1716 389 1791 432; x_wconf 70' lang='grc' dir='ltr'>(τρε</span> 
     </span>
     <span class='ocr_line' id='line_1_11' title="bbox 313 430 1792 479; baseline -0.008 -7"><span class='ocrx_word' id='word_1_70' title='bbox 313 441 468 474; x_wconf 86' lang='lat' dir='ltr'>volumus.</span> <span class='ocrx_word' id='word_1_71' title='bbox 489 434 841 479; x_wconf 78' lang='lat' dir='ltr'>Qare&amp;Pbilosophus</span> <span class='ocrx_word' id='word_1_72' title='bbox 858 433 887 465; x_wconf 90' lang='lat'>8.</span> <span class='ocrx_word' id='word_1_73' title='bbox 904 431 1012 473; x_wconf 84' lang='lat' dir='ltr'>Eth.7.</span> <span class='ocrx_word' id='word_1_74' title='bbox 1024 430 1177 473; x_wconf 81' lang='lat' dir='ltr'>distinguit</span> <span class='ocrx_word' id='word_1_75' title='bbox 1192 430 1302 472; x_wconf 85' lang='lat' dir='ltr'>ipeci&#39;cs</span> <span class='ocrx_word' id='word_1_76' title='bbox 1317 432 1475 463; x_wconf 82' lang='lat' dir='ltr'>amationis</span> <span class='ocrx_word' id='word_1_77' title='bbox 1490 438 1521 465; x_wconf 75' lang='grc' dir='ltr'>ὃ(</span> <span class='ocrx_word' id='word_1_78' title='bbox 1538 434 1671 466; x_wconf 84' lang='lat' dir='ltr'>amicitiae</span> <span class='ocrx_word' id='word_1_79' title='bbox 1691 433 1792 468; x_wconf 86' lang='lat' dir='ltr'>secun.</span> 
     </span>
     <span class='ocr_line' id='line_1_12' title="bbox 313 477 1791 527; baseline -0.005 -11"><span class='ocrx_word' id='word_1_80' title='bbox 313 486 386 519; x_wconf 91' lang='lat' dir='ltr'>dum</span> <span class='ocrx_word' id='word_1_81' title='bbox 397 484 507 527; x_wconf 81' lang='lat' dir='ltr'>species</span> <span class='ocrx_word' id='word_1_82' title='bbox 516 492 686 515; x_wconf 85' lang='lat' dir='ltr'>amatorum</span> <span class='ocrx_word' id='word_1_83' title='bbox 697 491 705 514; x_wconf 76' lang='lat'><em>3</em></span> <span class='ocrx_word' id='word_1_84' title='bbox 716 481 796 513; x_wconf 88' lang='lat' dir='ltr'>vnde</span> <span class='ocrx_word' id='word_1_85' title='bbox 806 478 845 510; x_wconf 87' lang='lat' dir='ltr'>sic</span> <span class='ocrx_word' id='word_1_86' title='bbox 855 480 904 514; x_wconf 86' lang='lat' dir='ltr'>ait,</span> <span class='ocrx_word' id='word_1_87' title='bbox 920 477 1036 514; x_wconf 85' lang='lat' dir='ltr'>Altera,</span> <span class='ocrx_word' id='word_1_88' title='bbox 1044 487 1167 519; x_wconf 88' lang='lat' dir='ltr'>propter</span> <span class='ocrx_word' id='word_1_89' title='bbox 1175 486 1241 519; x_wconf 82' lang='lat' dir='ltr'>quae</span> <span class='ocrx_word' id='word_1_90' title='bbox 1251 485 1351 508; x_wconf 84' lang='lat' dir='ltr'>amant</span> <span class='ocrx_word' id='word_1_91' title='bbox 1368 487 1376 509; x_wconf 87' lang='grc'>·,</span> <span class='ocrx_word' id='word_1_92' title='bbox 1393 477 1490 509; x_wconf 86' lang='lat' dir='ltr'>alterae</span> <span class='ocrx_word' id='word_1_93' title='bbox 1500 488 1573 520; x_wconf 86' lang='lat' dir='ltr'>ergo</span> <span class='ocrx_word' id='word_1_94' title='bbox 1582 485 1612 512; x_wconf 73' lang='lat'>8&lt;</span> <span class='ocrx_word' id='word_1_95' title='bbox 1622 482 1791 513; x_wconf 68' lang='lat' dir='ltr'>ammones</span> 
     </span>
     <span class='ocr_line' id='line_1_13' title="bbox 313 521 1793 572; baseline -0.003 -10"><span class='ocrx_word' id='word_1_96' title='bbox 313 530 496 567; x_wconf 56' lang='lat' dir='ltr'>&amp;amicitiam</span> <span class='ocrx_word' id='word_1_97' title='bbox 525 529 586 565; x_wconf 83' lang='lat' dir='ltr'>Aiij</span> <span class='ocrx_word' id='word_1_98' title='bbox 598 526 673 560; x_wconf 65' lang='lat' dir='ltr'>vett)</span> <span class='ocrx_word' id='word_1_99' title='bbox 681 536 800 572; x_wconf 90' lang='lat' dir='ltr'>ponunt</span> <span class='ocrx_word' id='word_1_100' title='bbox 814 524 870 555; x_wconf 80' lang='lat' dir='ltr'>esse</span> <span class='ocrx_word' id='word_1_101' title='bbox 887 521 1026 566; x_wconf 80' lang='lat' dir='ltr'>possibile</span> <span class='ocrx_word' id='word_1_102' title='bbox 1034 522 1160 554; x_wconf 66' lang='lat' dir='ltr'>cffestus</span> <span class='ocrx_word' id='word_1_103' title='bbox 1176 531 1342 566; x_wconf 79' lang='lat' dir='ltr'>praetetitos</span> <span class='ocrx_word' id='word_1_104' title='bbox 1361 521 1456 555; x_wconf 66' lang='lat' dir='ltr'>fastos</span> <span class='ocrx_word' id='word_1_105' title='bbox 1471 522 1488 554; x_wconf 72' lang='grc' dir='ltr'>ὲ</span> <span class='ocrx_word' id='word_1_106' title='bbox 1505 523 1627 557; x_wconf 79' lang='lat' dir='ltr'>Christo</span> <span class='ocrx_word' id='word_1_107' title='bbox 1642 525 1793 558; x_wconf 77' lang='lat' dir='ltr'>mediante</span> 
     </span>
     <span class='ocr_line' id='line_1_14' title="bbox 313 566 1794 618; baseline -0.002 -13"><span class='ocrx_word' id='word_1_108' title='bbox 313 578 490 618; x_wconf 74' lang='lat' dir='ltr'>cognitione</span> <span class='ocrx_word' id='word_1_109' title='bbox 499 571 545 606; x_wconf 89' lang='lat' dir='ltr'>seu</span> <span class='ocrx_word' id='word_1_110' title='bbox 556 572 712 606; x_wconf 86' lang='lat' dir='ltr'>volutione</span> <span class='ocrx_word' id='word_1_111' title='bbox 719 570 851 602; x_wconf 77' lang='lat' dir='ltr'>humana</span> <span class='ocrx_word' id='word_1_112' title='bbox 861 568 944 602; x_wconf 79' lang='lat' dir='ltr'>futile</span> <span class='ocrx_word' id='word_1_113' title='bbox 953 567 1048 601; x_wconf 72' lang='lat' dir='ltr'>factos</span> <span class='ocrx_word' id='word_1_114' title='bbox 1059 566 1097 599; x_wconf 88' lang='lat' dir='ltr'>ab</span> <span class='ocrx_word' id='word_1_115' title='bbox 1104 578 1154 604; x_wconf 80' lang='lat' dir='ltr'>ce,</span> <span class='ocrx_word' id='word_1_116' title='bbox 1170 566 1323 599; x_wconf 78' lang='lat' dir='ltr'>mediante</span> <span class='ocrx_word' id='word_1_117' title='bbox 1331 568 1549 600; x_wconf 86' lang='lat' dir='ltr'>tautummodo</span> <span class='ocrx_word' id='word_1_118' title='bbox 1558 569 1608 601; x_wconf 87' lang='lat' dir='ltr'>sua</span> <span class='ocrx_word' id='word_1_119' title='bbox 1617 572 1794 613; x_wconf 86' lang='lat' dir='ltr'>cognitione</span> 
     </span>
     <span class='ocr_line' id='line_1_15' title="bbox 315 611 1794 656; baseline -0.003 -4"><span class='ocrx_word' id='word_1_120' title='bbox 315 613 514 655; x_wconf 52' lang='lat' dir='ltr'>&amp;belutione</span> <span class='ocrx_word' id='word_1_121' title='bbox 523 618 635 651; x_wconf 76' lang='lat' dir='ltr'>diuina.</span> <span class='ocrx_word' id='word_1_122' title='bbox 654 617 711 651; x_wconf 85' lang='lat' dir='ltr'>Sed</span> <span class='ocrx_word' id='word_1_123' title='bbox 725 616 769 648; x_wconf 82' lang='lat' dir='ltr'>isli</span> <span class='ocrx_word' id='word_1_124' title='bbox 784 615 954 648; x_wconf 82' lang='lat' dir='ltr'>refellentur</span> <span class='ocrx_word' id='word_1_125' title='bbox 969 624 1021 656; x_wconf 88' lang='lat' dir='ltr'>per</span> <span class='ocrx_word' id='word_1_126' title='bbox 1038 611 1219 645; x_wconf 82' lang='lat' dir='ltr'>tricesimum</span> <span class='ocrx_word' id='word_1_127' title='bbox 1235 622 1352 643; x_wconf 84' lang='lat' dir='ltr'>nouum</span> <span class='ocrx_word' id='word_1_128' title='bbox 1364 611 1462 646; x_wconf 87' lang='lat' dir='ltr'>huius.</span> <span class='ocrx_word' id='word_1_129' title='bbox 1485 613 1615 646; x_wconf 78' lang='lat' dir='ltr'>Rursum</span> <span class='ocrx_word' id='word_1_130' title='bbox 1629 614 1794 650; x_wconf 85' lang='lat' dir='ltr'>seeundum</span> 
     </span>
     <span class='ocr_line' id='line_1_16' title="bbox 316 656 1795 708; baseline -0.004 -9"><span class='ocrx_word' id='word_1_131' title='bbox 316 666 404 701; x_wconf 79' lang='lat' dir='ltr'>istud.</span> <span class='ocrx_word' id='word_1_132' title='bbox 413 676 491 699; x_wconf 89' lang='lat' dir='ltr'>nunc</span> <span class='ocrx_word' id='word_1_133' title='bbox 499 666 539 698; x_wconf 88' lang='lat' dir='ltr'>est</span> <span class='ocrx_word' id='word_1_134' title='bbox 548 662 689 708; x_wconf 87' lang='lat' dir='ltr'>possibile</span> <span class='ocrx_word' id='word_1_135' title='bbox 697 660 853 693; x_wconf 76' lang='lat' dir='ltr'>Christum</span> <span class='ocrx_word' id='word_1_136' title='bbox 863 659 1024 692; x_wconf 87' lang='lat' dir='ltr'>secundum</span> <span class='ocrx_word' id='word_1_137' title='bbox 1041 670 1178 692; x_wconf 84' lang='lat' dir='ltr'>naturam</span> <span class='ocrx_word' id='word_1_138' title='bbox 1194 656 1359 689; x_wconf 81' lang='lat' dir='ltr'>humanam</span> <span class='ocrx_word' id='word_1_139' title='bbox 1376 669 1528 702; x_wconf 86' lang='lat' dir='ltr'>nunquam</span> <span class='ocrx_word' id='word_1_140' title='bbox 1539 660 1649 703; x_wconf 88' lang='lat' dir='ltr'>aliquid</span> <span class='ocrx_word' id='word_1_141' title='bbox 1658 660 1795 701; x_wconf 80' lang='lat' dir='ltr'>voluisse,</span> 
     </span>
     <span class='ocr_line' id='line_1_17' title="bbox 316 702 1797 755; baseline -0.003 -11"><span class='ocrx_word' id='word_1_142' title='bbox 316 722 470 755; x_wconf 88' lang='lat' dir='ltr'>nunquam</span> <span class='ocrx_word' id='word_1_143' title='bbox 481 709 591 753; x_wconf 83' lang='lat' dir='ltr'>aliquid</span> <span class='ocrx_word' id='word_1_144' title='bbox 602 708 750 746; x_wconf 83' lang='lat' dir='ltr'>meruisse,</span> <span class='ocrx_word' id='word_1_145' title='bbox 766 717 922 750; x_wconf 86' lang='lat' dir='ltr'>nunquam</span> <span class='ocrx_word' id='word_1_146' title='bbox 937 704 1079 737; x_wconf 83' lang='lat' dir='ltr'>homines</span> <span class='ocrx_word' id='word_1_147' title='bbox 1095 703 1248 736; x_wconf 79' lang='lat' dir='ltr'>redemisse</span> <span class='ocrx_word' id='word_1_148' title='bbox 1264 716 1273 734; x_wconf 70' lang='grc' dir='ltr'><strong><em>ε</em></strong></span> <span class='ocrx_word' id='word_1_149' title='bbox 1291 702 1354 735; x_wconf 82' lang='lat' dir='ltr'>haec</span> <span class='ocrx_word' id='word_1_150' title='bbox 1368 705 1451 736; x_wconf 74' lang='lat' dir='ltr'>enim</span> <span class='ocrx_word' id='word_1_151' title='bbox 1466 716 1527 737; x_wconf 93' lang='lat' dir='ltr'>non</span> <span class='ocrx_word' id='word_1_152' title='bbox 1538 704 1620 742; x_wconf 71' lang='lat' dir='ltr'>fecit,</span> <span class='ocrx_word' id='word_1_153' title='bbox 1638 706 1690 739; x_wconf 80' lang='lat' dir='ltr'>niti</span> <span class='ocrx_word' id='word_1_154' title='bbox 1700 707 1797 740; x_wconf 77' lang='lat' dir='ltr'>semu-</span> 
     </span>
     <span class='ocr_line' id='line_1_18' title="bbox 318 746 1795 795; baseline -0.002 -7"><span class='ocrx_word' id='word_1_155' title='bbox 318 757 392 788; x_wconf 89' lang='lat' dir='ltr'>dum</span> <span class='ocrx_word' id='word_1_156' title='bbox 404 756 630 789; x_wconf 83' lang='lat' dir='ltr'>naturamiuam</span> <span class='ocrx_word' id='word_1_157' title='bbox 643 753 807 786; x_wconf 85' lang='lat' dir='ltr'>humanam</span> <span class='ocrx_word' id='word_1_158' title='bbox 827 763 836 786; x_wconf 69' lang='grc' dir='ltr'>ς</span> <span class='ocrx_word' id='word_1_159' title='bbox 850 762 941 795; x_wconf 84' lang='lat' dir='ltr'>quate</span> <span class='ocrx_word' id='word_1_160' title='bbox 954 751 984 785; x_wconf 73' lang='grc' dir='ltr'>ὅ(</span> <span class='ocrx_word' id='word_1_161' title='bbox 999 752 1038 782; x_wconf 86' lang='lat' dir='ltr'>est</span> <span class='ocrx_word' id='word_1_162' title='bbox 1048 761 1127 782; x_wconf 89' lang='lat' dir='ltr'>nunc</span> <span class='ocrx_word' id='word_1_163' title='bbox 1136 748 1353 792; x_wconf 82' lang='lat' dir='ltr'>consequenter</span> <span class='ocrx_word' id='word_1_164' title='bbox 1362 746 1503 793; x_wconf 81' lang='lat' dir='ltr'>possibile</span> <span class='ocrx_word' id='word_1_165' title='bbox 1510 751 1628 784; x_wconf 88' lang='lat' dir='ltr'>nullum</span> <span class='ocrx_word' id='word_1_166' title='bbox 1638 751 1795 785; x_wconf 82' lang='lat' dir='ltr'>hominem</span> 
     </span>
     <span class='ocr_line' id='line_1_19' title="bbox 318 795 1840 842; baseline -0.004 -7"><span class='ocrx_word' id='word_1_167' title='bbox 318 801 404 838; x_wconf 83' lang='lat' dir='ltr'>fuisse</span> <span class='ocrx_word' id='word_1_168' title='bbox 412 800 565 834; x_wconf 85' lang='lat' dir='ltr'>saluatum.</span> <span class='ocrx_word' id='word_1_169' title='bbox 588 799 734 833; x_wconf 76' lang='lat' dir='ltr'>Praeterea</span> <span class='ocrx_word' id='word_1_170' title='bbox 742 808 814 830; x_wconf 90' lang='lat' dir='ltr'>tunc</span> <span class='ocrx_word' id='word_1_171' title='bbox 822 799 903 831; x_wconf 73' lang='lat' dir='ltr'>astus</span> <span class='ocrx_word' id='word_1_172' title='bbox 914 795 1025 829; x_wconf 81' lang='lat' dir='ltr'>Christi</span> <span class='ocrx_word' id='word_1_173' title='bbox 1033 795 1155 828; x_wconf 88' lang='lat' dir='ltr'>volendi</span> <span class='ocrx_word' id='word_1_174' title='bbox 1165 804 1274 827; x_wconf 80' lang='lat' dir='ltr'>creatus</span> <span class='ocrx_word' id='word_1_175' title='bbox 1282 796 1311 826; x_wconf 89' lang='lat' dir='ltr'>in</span> <span class='ocrx_word' id='word_1_176' title='bbox 1321 797 1446 839; x_wconf 87' lang='lat' dir='ltr'>proptio</span> <span class='ocrx_word' id='word_1_177' title='bbox 1456 806 1562 839; x_wconf 82' lang='lat' dir='ltr'>genere</span> <span class='ocrx_word' id='word_1_178' title='bbox 1571 799 1734 840; x_wconf 69' lang='lat' dir='ltr'>praeteritus</span> <span class='ocrx_word' id='word_1_179' title='bbox 1743 810 1797 842; x_wconf 89' lang='lat' dir='ltr'>po·</span> <span class='ocrx_word' id='word_1_180' title='bbox 1816 802 1840 835; x_wconf 90' lang='lat' dir='ltr'>B</span> 
     </span>
     <span class='ocr_line' id='line_1_20' title="bbox 319 839 1799 889; baseline -0.007 -8"><span class='ocrx_word' id='word_1_181' title='bbox 319 849 371 881; x_wconf 78' lang='lat' dir='ltr'>teil</span> <span class='ocrx_word' id='word_1_182' title='bbox 382 859 444 879; x_wconf 89' lang='lat' dir='ltr'>non</span> <span class='ocrx_word' id='word_1_183' title='bbox 454 843 598 881; x_wconf 55' lang='lat' dir='ltr'>fuissem-21</span> <span class='ocrx_word' id='word_1_184' title='bbox 608 844 865 879; x_wconf 83' lang='lat' dir='ltr'>Christusinuitus</span> <span class='ocrx_word' id='word_1_185' title='bbox 875 844 1035 886; x_wconf 79' lang='lat' dir='ltr'>quicquam</span> <span class='ocrx_word' id='word_1_186' title='bbox 1047 839 1155 877; x_wconf 75' lang='lat' dir='ltr'>iecisse,</span> <span class='ocrx_word' id='word_1_187' title='bbox 1165 839 1351 889; x_wconf 71' lang='lat' dir='ltr'>voluisleque</span> <span class='ocrx_word' id='word_1_188' title='bbox 1359 839 1538 875; x_wconf 84' lang='lat' dir='ltr'>difformiter</span> <span class='ocrx_word' id='word_1_189' title='bbox 1551 843 1580 876; x_wconf 72' lang='grc' dir='ltr'>ὅ(</span> <span class='ocrx_word' id='word_1_190' title='bbox 1590 845 1736 876; x_wconf 73' lang='lat' dir='ltr'>contrarie</span> <span class='ocrx_word' id='word_1_191' title='bbox 1744 855 1799 875; x_wconf 85' lang='lat' dir='ltr'>vo-</span> 
     </span>
     <span class='ocr_line' id='line_1_21' title="bbox 320 884 1799 932; baseline -0.002 -6"><span class='ocrx_word' id='word_1_192' title='bbox 320 894 428 926; x_wconf 82' lang='lat' dir='ltr'>luntati</span> <span class='ocrx_word' id='word_1_193' title='bbox 437 892 558 928; x_wconf 74' lang='lat' dir='ltr'>diuinae,</span> <span class='ocrx_word' id='word_1_194' title='bbox 574 890 605 924; x_wconf 83' lang='lat'>&amp;</span> <span class='ocrx_word' id='word_1_195' title='bbox 613 889 759 923; x_wconf 83' lang='lat' dir='ltr'>mandato</span> <span class='ocrx_word' id='word_1_196' title='bbox 768 899 906 931; x_wconf 78' lang='lat' dir='ltr'>paterno,</span> <span class='ocrx_word' id='word_1_197' title='bbox 920 898 1008 932; x_wconf 84' lang='lat' dir='ltr'>atque</span> <span class='ocrx_word' id='word_1_198' title='bbox 1018 884 1146 930; x_wconf 85' lang='lat' dir='ltr'>peccasse</span> <span class='ocrx_word' id='word_1_199' title='bbox 1156 886 1186 920; x_wconf 73' lang='grc' dir='ltr'>ἁ</span> <span class='ocrx_word' id='word_1_200' title='bbox 1196 884 1282 916; x_wconf 84' lang='lat' dir='ltr'>miser</span> <span class='ocrx_word' id='word_1_201' title='bbox 1288 884 1382 918; x_wconf 75' lang='lat' dir='ltr'>suiffe.</span> <span class='ocrx_word' id='word_1_202' title='bbox 1407 886 1469 922; x_wconf 82' lang='lat' dir='ltr'>Alii</span> <span class='ocrx_word' id='word_1_203' title='bbox 1485 886 1582 919; x_wconf 87' lang='lat' dir='ltr'>adhuc</span> <span class='ocrx_word' id='word_1_204' title='bbox 1598 889 1628 921; x_wconf 90' lang='lat' dir='ltr'>in</span> <span class='ocrx_word' id='word_1_205' title='bbox 1638 890 1733 922; x_wconf 83' lang='lat' dir='ltr'>oculis</span> <span class='ocrx_word' id='word_1_206' title='bbox 1743 891 1799 923; x_wconf 85' lang='lat' dir='ltr'>suis</span> 
     </span>
     <span class='ocr_line' id='line_1_22' title="bbox 319 929 1800 977; baseline -0.001 -8"><span class='ocrx_word' id='word_1_207' title='bbox 319 937 454 977; x_wconf 86' lang='lat' dir='ltr'>subtiles,</span> <span class='ocrx_word' id='word_1_208' title='bbox 469 948 501 970; x_wconf 79' lang='lat' dir='ltr'>vr</span> <span class='ocrx_word' id='word_1_209' title='bbox 509 939 550 968; x_wconf 81' lang='lat' dir='ltr'>eis</span> <span class='ocrx_word' id='word_1_210' title='bbox 560 937 688 975; x_wconf 84' lang='lat' dir='ltr'>videtur,</span> <span class='ocrx_word' id='word_1_211' title='bbox 695 934 836 967; x_wconf 80' lang='lat' dir='ltr'>subtiliter</span> <span class='ocrx_word' id='word_1_212' title='bbox 845 932 1061 976; x_wconf 82' lang='lat' dir='ltr'>respondendo</span> <span class='ocrx_word' id='word_1_213' title='bbox 1068 930 1217 964; x_wconf 81' lang='lat' dir='ltr'>affirmant</span> <span class='ocrx_word' id='word_1_214' title='bbox 1226 929 1379 963; x_wconf 80' lang='lat' dir='ltr'>Christum</span> <span class='ocrx_word' id='word_1_215' title='bbox 1388 942 1451 963; x_wconf 89' lang='lat' dir='ltr'>non</span> <span class='ocrx_word' id='word_1_216' title='bbox 1461 933 1699 971; x_wconf 78' lang='lat' dir='ltr'>imellexiffe,aut</span> <span class='ocrx_word' id='word_1_217' title='bbox 1707 935 1800 968; x_wconf 85' lang='lat' dir='ltr'>credi·</span> 
     </span>
     <span class='ocr_line' id='line_1_23' title="bbox 321 975 1801 1027; baseline -0.004 -9"><span class='ocrx_word' id='word_1_218' title='bbox 321 982 392 1018; x_wconf 74' lang='lat' dir='ltr'>disse</span> <span class='ocrx_word' id='word_1_219' title='bbox 400 985 429 1015; x_wconf 89' lang='lat' dir='ltr'>in</span> <span class='ocrx_word' id='word_1_220' title='bbox 438 984 564 1027; x_wconf 87' lang='lat' dir='ltr'>proptio</span> <span class='ocrx_word' id='word_1_221' title='bbox 573 993 682 1025; x_wconf 84' lang='lat' dir='ltr'>genere</span> <span class='ocrx_word' id='word_1_222' title='bbox 699 991 751 1025; x_wconf 83' lang='lat' dir='ltr'>pet</span> <span class='ocrx_word' id='word_1_223' title='bbox 766 981 848 1012; x_wconf 63' lang='lat' dir='ltr'>aelus</span> <span class='ocrx_word' id='word_1_224' title='bbox 858 979 1006 1010; x_wconf 82' lang='lat' dir='ltr'>naturales</span> <span class='ocrx_word' id='word_1_225' title='bbox 1016 976 1123 1010; x_wconf 86' lang='lat' dir='ltr'>similes</span> <span class='ocrx_word' id='word_1_226' title='bbox 1131 975 1244 1009; x_wconf 76' lang='lat' dir='ltr'>astibus</span> <span class='ocrx_word' id='word_1_227' title='bbox 1254 978 1413 1019; x_wconf 82' lang='lat' dir='ltr'>cogtiitiiiis</span> <span class='ocrx_word' id='word_1_228' title='bbox 1430 976 1592 1010; x_wconf 86' lang='lat' dir='ltr'>hominum</span> <span class='ocrx_word' id='word_1_229' title='bbox 1609 989 1801 1018; x_wconf 76' lang='lat' dir='ltr'>caeterorum,</span> 
     </span>
     <span class='ocr_line' id='line_1_24' title="bbox 323 1021 1799 1072; baseline -0.004 -11"><span class='ocrx_word' id='word_1_230' title='bbox 323 1029 373 1062; x_wconf 87' lang='lat' dir='ltr'>sed</span> <span class='ocrx_word' id='word_1_231' title='bbox 384 1036 436 1072; x_wconf 79' lang='lat' dir='ltr'>per</span> <span class='ocrx_word' id='word_1_232' title='bbox 442 1038 537 1060; x_wconf 87' lang='lat' dir='ltr'>vnum</span> <span class='ocrx_word' id='word_1_233' title='bbox 546 1030 646 1061; x_wconf 60' lang='lat' dir='ltr'>aetum</span> <span class='ocrx_word' id='word_1_234' title='bbox 656 1024 908 1068; x_wconf 81' lang='lat' dir='ltr'>supernaturalem</span> <span class='ocrx_word' id='word_1_235' title='bbox 919 1023 1173 1068; x_wconf 84' lang='lat' dir='ltr'>supernaturaliter</span> <span class='ocrx_word' id='word_1_236' title='bbox 1181 1021 1234 1053; x_wconf 85' lang='lat' dir='ltr'>fibi</span> <span class='ocrx_word' id='word_1_237' title='bbox 1244 1022 1348 1052; x_wconf 82' lang='lat' dir='ltr'>datum</span> <span class='ocrx_word' id='word_1_238' title='bbox 1356 1042 1364 1057; x_wconf 77' lang='lat'><strong><em>‚</em></strong></span> <span class='ocrx_word' id='word_1_239' title='bbox 1379 1023 1429 1065; x_wconf 90' lang='lat' dir='ltr'>qui</span> <span class='ocrx_word' id='word_1_240' title='bbox 1443 1023 1473 1057; x_wconf 73' lang='grc' dir='ltr'>ὅ(</span> <span class='ocrx_word' id='word_1_241' title='bbox 1489 1023 1661 1066; x_wconf 77' lang='lat' dir='ltr'>sicutipsum</span> <span class='ocrx_word' id='word_1_242' title='bbox 1672 1025 1799 1058; x_wconf 83' lang='lat' dir='ltr'>verbum</span> 
     </span>
     <span class='ocr_line' id='line_1_25' title="bbox 322 1066 1802 1116; baseline -0.003 -8"><span class='ocrx_word' id='word_1_243' title='bbox 322 1075 465 1108; x_wconf 81' lang='lat' dir='ltr'>&amp;diuina</span> <span class='ocrx_word' id='word_1_244' title='bbox 473 1070 595 1106; x_wconf 85' lang='lat' dir='ltr'>esscntia</span> <span class='ocrx_word' id='word_1_245' title='bbox 603 1074 699 1116; x_wconf 90' lang='lat' dir='ltr'>potest</span> <span class='ocrx_word' id='word_1_246' title='bbox 713 1067 926 1116; x_wconf 61' lang='lat' dir='ltr'>repraesentasse</span> <span class='ocrx_word' id='word_1_247' title='bbox 942 1071 971 1104; x_wconf 72' lang='grc' dir='ltr'>ὃ(</span> <span class='ocrx_word' id='word_1_248' title='bbox 985 1068 1144 1101; x_wconf 75' lang='lat' dir='ltr'>ostendisse</span> <span class='ocrx_word' id='word_1_249' title='bbox 1161 1066 1312 1112; x_wconf 85' lang='lat' dir='ltr'>aequaliter</span> <span class='ocrx_word' id='word_1_250' title='bbox 1326 1066 1531 1112; x_wconf 87' lang='lat' dir='ltr'>quodcunque</span> <span class='ocrx_word' id='word_1_251' title='bbox 1539 1067 1672 1103; x_wconf 86' lang='lat' dir='ltr'>futurum</span> <span class='ocrx_word' id='word_1_252' title='bbox 1682 1072 1745 1103; x_wconf 88' lang='lat' dir='ltr'>sore</span> <span class='ocrx_word' id='word_1_253' title='bbox 1755 1071 1802 1104; x_wconf 88' lang='lat' dir='ltr'>vel</span> 
     </span>
     <span class='ocr_line' id='line_1_26' title="bbox 322 1110 1803 1162; baseline -0.003 -9"><span class='ocrx_word' id='word_1_254' title='bbox 322 1131 388 1153; x_wconf 88' lang='lat' dir='ltr'>non</span> <span class='ocrx_word' id='word_1_255' title='bbox 399 1120 476 1156; x_wconf 81' lang='lat' dir='ltr'>sore,</span> <span class='ocrx_word' id='word_1_256' title='bbox 493 1118 684 1162; x_wconf 78' lang='lat' dir='ltr'>fic&amp;potest‚</span> <span class='ocrx_word' id='word_1_257' title='bbox 697 1128 730 1150; x_wconf 79' lang='lat' dir='ltr'>vr</span> <span class='ocrx_word' id='word_1_258' title='bbox 745 1116 883 1154; x_wconf 81' lang='lat' dir='ltr'>afferunt,</span> <span class='ocrx_word' id='word_1_259' title='bbox 898 1115 946 1147; x_wconf 86' lang='lat' dir='ltr'>ille</span> <span class='ocrx_word' id='word_1_260' title='bbox 961 1117 1055 1149; x_wconf 68' lang='lat' dir='ltr'>astus.</span> <span class='ocrx_word' id='word_1_261' title='bbox 1079 1113 1197 1147; x_wconf 85' lang='lat' dir='ltr'>Sedista</span> <span class='ocrx_word' id='word_1_262' title='bbox 1206 1110 1357 1155; x_wconf 80' lang='lat' dir='ltr'>responsio</span> <span class='ocrx_word' id='word_1_263' title='bbox 1366 1113 1522 1145; x_wconf 77' lang='lat' dir='ltr'>Christum</span> <span class='ocrx_word' id='word_1_264' title='bbox 1538 1115 1695 1148; x_wconf 88' lang='lat' dir='ltr'>secundum</span> <span class='ocrx_word' id='word_1_265' title='bbox 1715 1127 1803 1149; x_wconf 83' lang='lat' dir='ltr'>natu-</span> 
     </span>
     <span class='ocr_line' id='line_1_27' title="bbox 323 1159 1805 1206; baseline -0.003 -8"><span class='ocrx_word' id='word_1_266' title='bbox 323 1174 387 1199; x_wconf 83' lang='lat' dir='ltr'>ram</span> <span class='ocrx_word' id='word_1_267' title='bbox 398 1165 479 1197; x_wconf 84' lang='lat' dir='ltr'>suam</span> <span class='ocrx_word' id='word_1_268' title='bbox 488 1164 650 1197; x_wconf 82' lang='lat' dir='ltr'>humanam</span> <span class='ocrx_word' id='word_1_269' title='bbox 659 1164 689 1198; x_wconf 69' lang='grc' dir='ltr'>ὅ(</span> <span class='ocrx_word' id='word_1_270' title='bbox 697 1162 830 1196; x_wconf 86' lang='lat' dir='ltr'>diuinam</span> <span class='ocrx_word' id='word_1_271' title='bbox 840 1159 1264 1193; x_wconf 83' lang='lat' dir='ltr'>similitermoliturcrudeliter</span> <span class='ocrx_word' id='word_1_272' title='bbox 1276 1159 1422 1190; x_wconf 88' lang='lat' dir='ltr'>mutilate.</span> <span class='ocrx_word' id='word_1_273' title='bbox 1430 1159 1514 1191; x_wconf 77' lang='lat' dir='ltr'>Nam</span> <span class='ocrx_word' id='word_1_274' title='bbox 1526 1159 1688 1193; x_wconf 79' lang='lat' dir='ltr'>secundum</span> <span class='ocrx_word' id='word_1_275' title='bbox 1699 1164 1805 1206; x_wconf 83' lang='lat' dir='ltr'>ipsam,</span> 
     </span>
     <span class='ocr_line' id='line_1_28' title="bbox 325 1203 1805 1254; baseline -0.002 -10"><span class='ocrx_word' id='word_1_276' title='bbox 325 1210 466 1244; x_wconf 84' lang='lat' dir='ltr'>Christus</span> <span class='ocrx_word' id='word_1_277' title='bbox 474 1222 538 1241; x_wconf 90' lang='lat' dir='ltr'>non</span> <span class='ocrx_word' id='word_1_278' title='bbox 547 1212 657 1254; x_wconf 87' lang='lat' dir='ltr'>potuit,</span> <span class='ocrx_word' id='word_1_279' title='bbox 670 1219 768 1254; x_wconf 86' lang='lat' dir='ltr'>neque</span> <span class='ocrx_word' id='word_1_280' title='bbox 784 1207 877 1251; x_wconf 83' lang='lat' dir='ltr'>porest</span> <span class='ocrx_word' id='word_1_281' title='bbox 888 1204 998 1238; x_wconf 81' lang='lat' dir='ltr'>habere</span> <span class='ocrx_word' id='word_1_282' title='bbox 1008 1206 1160 1248; x_wconf 85' lang='lat' dir='ltr'>propriam</span> <span class='ocrx_word' id='word_1_283' title='bbox 1170 1211 1201 1237; x_wconf 77' lang='grc' dir='ltr'>δι</span> <span class='ocrx_word' id='word_1_284' title='bbox 1219 1203 1382 1248; x_wconf 66' lang='lat' dir='ltr'>perse-stam</span> <span class='ocrx_word' id='word_1_285' title='bbox 1392 1207 1600 1247; x_wconf 81' lang='lat' dir='ltr'>operationem</span> <span class='ocrx_word' id='word_1_286' title='bbox 1611 1205 1743 1240; x_wconf 81' lang='lat' dir='ltr'>hominis</span> <span class='ocrx_word' id='word_1_287' title='bbox 1751 1220 1805 1241; x_wconf 80' lang='lat' dir='ltr'>na-</span> 
     </span>
     <span class='ocr_line' id='line_1_29' title="bbox 325 1248 1803 1296; baseline -0.004 -8"><span class='ocrx_word' id='word_1_288' title='bbox 325 1256 466 1294; x_wconf 86' lang='lat' dir='ltr'>turalem,</span> <span class='ocrx_word' id='word_1_289' title='bbox 481 1255 648 1288; x_wconf 70' lang='lat' dir='ltr'>distinstam</span> <span class='ocrx_word' id='word_1_290' title='bbox 657 1254 763 1286; x_wconf 89' lang='lat' dir='ltr'>scilicet</span> <span class='ocrx_word' id='word_1_291' title='bbox 773 1253 981 1296; x_wconf 86' lang='lat' dir='ltr'>cognitionem</span> <span class='ocrx_word' id='word_1_292' title='bbox 996 1249 1106 1283; x_wconf 69' lang='lat' dir='ltr'>obiecti</span> <span class='ocrx_word' id='word_1_293' title='bbox 1121 1261 1173 1293; x_wconf 87' lang='lat' dir='ltr'>per</span> <span class='ocrx_word' id='word_1_294' title='bbox 1188 1252 1287 1282; x_wconf 73' lang='lat' dir='ltr'>astum</span> <span class='ocrx_word' id='word_1_295' title='bbox 1298 1248 1483 1292; x_wconf 85' lang='lat' dir='ltr'>singulariter</span> <span class='ocrx_word' id='word_1_296' title='bbox 1498 1252 1803 1294; x_wconf 79' lang='lat' dir='ltr'>proprium&amp;distin-</span> 
     </span>
     <span class='ocr_line' id='line_1_30' title="bbox 325 1295 1803 1342; baseline -0.002 -8"><span class='ocrx_word' id='word_1_297' title='bbox 325 1303 421 1340; x_wconf 65' lang='lat' dir='ltr'>stum,</span> <span class='ocrx_word' id='word_1_298' title='bbox 439 1301 511 1333; x_wconf 80' lang='lat' dir='ltr'>sicut</span> <span class='ocrx_word' id='word_1_299' title='bbox 520 1301 615 1334; x_wconf 78' lang='lat' dir='ltr'>caeteri</span> <span class='ocrx_word' id='word_1_300' title='bbox 624 1300 766 1333; x_wconf 78' lang='lat' dir='ltr'>homines</span> <span class='ocrx_word' id='word_1_301' title='bbox 775 1300 839 1342; x_wconf 90' lang='lat' dir='ltr'>puri</span> <span class='ocrx_word' id='word_1_302' title='bbox 846 1296 956 1330; x_wconf 78' lang='lat' dir='ltr'>habent</span> <span class='ocrx_word' id='word_1_303' title='bbox 971 1311 982 1334; x_wconf 69' lang='grc' dir='ltr'><strong>ς</strong></span> <span class='ocrx_word' id='word_1_304' title='bbox 999 1308 1050 1329; x_wconf 85' lang='lat' dir='ltr'>nec</span> <span class='ocrx_word' id='word_1_305' title='bbox 1059 1297 1142 1328; x_wconf 83' lang='lat' dir='ltr'>Deus</span> <span class='ocrx_word' id='word_1_306' title='bbox 1151 1295 1189 1327; x_wconf 93' lang='lat' dir='ltr'>de</span> <span class='ocrx_word' id='word_1_307' title='bbox 1199 1305 1263 1327; x_wconf 87' lang='lat' dir='ltr'>tota</span> <span class='ocrx_word' id='word_1_308' title='bbox 1271 1297 1319 1326; x_wconf 80' lang='lat' dir='ltr'>sua</span> <span class='ocrx_word' id='word_1_309' title='bbox 1329 1296 1464 1340; x_wconf 85' lang='lat' dir='ltr'>potentia</span> <span class='ocrx_word' id='word_1_310' title='bbox 1474 1298 1571 1338; x_wconf 81' lang='lat' dir='ltr'>potest</span> <span class='ocrx_word' id='word_1_311' title='bbox 1583 1296 1706 1330; x_wconf 76' lang='lat' dir='ltr'>Christo</span> <span class='ocrx_word' id='word_1_312' title='bbox 1715 1299 1803 1331; x_wconf 86' lang='lat' dir='ltr'>talem</span> 
     </span>
     <span class='ocr_line' id='line_1_31' title="bbox 326 1339 1848 1391; baseline -0.003 -11"><span class='ocrx_word' id='word_1_313' title='bbox 326 1349 535 1391; x_wconf 84' lang='lat' dir='ltr'>cognitionem</span> <span class='ocrx_word' id='word_1_314' title='bbox 543 1345 690 1379; x_wconf 83' lang='lat' dir='ltr'>conferre.</span> <span class='ocrx_word' id='word_1_315' title='bbox 709 1345 738 1377; x_wconf 90' lang='lat' dir='ltr'>Si</span> <span class='ocrx_word' id='word_1_316' title='bbox 747 1353 879 1387; x_wconf 84' lang='lat' dir='ltr'>namque</span> <span class='ocrx_word' id='word_1_317' title='bbox 887 1341 1024 1374; x_wconf 79' lang='lat' dir='ltr'>Chi-istus</span> <span class='ocrx_word' id='word_1_318' title='bbox 1033 1342 1130 1384; x_wconf 88' lang='lat' dir='ltr'>potuit</span> <span class='ocrx_word' id='word_1_319' title='bbox 1140 1351 1190 1373; x_wconf 88' lang='lat' dir='ltr'>aut</span> <span class='ocrx_word' id='word_1_320' title='bbox 1207 1339 1299 1384; x_wconf 85' lang='lat' dir='ltr'>possit</span> <span class='ocrx_word' id='word_1_321' title='bbox 1313 1340 1546 1384; x_wconf 84' lang='lat' dir='ltr'>quomodolibet</span> <span class='ocrx_word' id='word_1_322' title='bbox 1555 1342 1644 1374; x_wconf 88' lang='lat' dir='ltr'>talem</span> <span class='ocrx_word' id='word_1_323' title='bbox 1654 1346 1803 1388; x_wconf 85' lang='lat' dir='ltr'>cognitio·</span> <span class='ocrx_word' id='word_1_324' title='bbox 1818 1341 1848 1375; x_wconf 86' lang='lat' dir='ltr'>C</span> 
     </span>
     <span class='ocr_line' id='line_1_32' title="bbox 326 1386 1807 1432; baseline -0.004 -7"><span class='ocrx_word' id='word_1_325' title='bbox 326 1403 398 1425; x_wconf 85' lang='lat' dir='ltr'>nem</span> <span class='ocrx_word' id='word_1_326' title='bbox 407 1392 438 1427; x_wconf 72' lang='grc' dir='ltr'>ἃ</span> <span class='ocrx_word' id='word_1_327' title='bbox 447 1393 597 1425; x_wconf 87' lang='lat' dir='ltr'>scientiam</span> <span class='ocrx_word' id='word_1_328' title='bbox 606 1392 655 1423; x_wconf 87' lang='lat' dir='ltr'>seu</span> <span class='ocrx_word' id='word_1_329' title='bbox 663 1390 865 1424; x_wconf 83' lang='lat' dir='ltr'>credulitatem</span> <span class='ocrx_word' id='word_1_330' title='bbox 876 1388 1026 1421; x_wconf 69' lang='lat' dir='ltr'>defuturis</span> <span class='ocrx_word' id='word_1_331' title='bbox 1036 1386 1160 1423; x_wconf 82' lang='lat' dir='ltr'>habere,</span> <span class='ocrx_word' id='word_1_332' title='bbox 1175 1395 1323 1429; x_wconf 75' lang='lat' dir='ltr'>ponatur5</span> <span class='ocrx_word' id='word_1_333' title='bbox 1332 1387 1362 1420; x_wconf 76' lang='grc' dir='ltr'>ὅ(</span> <span class='ocrx_word' id='word_1_334' title='bbox 1373 1396 1530 1419; x_wconf 77' lang='lat' dir='ltr'>euacuatur</span> <span class='ocrx_word' id='word_1_335' title='bbox 1538 1388 1706 1432; x_wconf 76' lang='lat' dir='ltr'>responsio,</span> <span class='ocrx_word' id='word_1_336' title='bbox 1725 1391 1755 1424; x_wconf 73' lang='grc' dir='ltr'>ὅ(</span> <span class='ocrx_word' id='word_1_337' title='bbox 1763 1401 1807 1422; x_wconf 84' lang='lat' dir='ltr'>re-</span> 
     </span>
     <span class='ocr_line' id='line_1_33' title="bbox 328 1431 1806 1478; baseline -0.004 -8"><span class='ocrx_word' id='word_1_338' title='bbox 328 1441 452 1472; x_wconf 81' lang='lat' dir='ltr'>uertitur</span> <span class='ocrx_word' id='word_1_339' title='bbox 460 1433 629 1470; x_wconf 76' lang='lat' dir='ltr'>difficultas.</span> <span class='ocrx_word' id='word_1_340' title='bbox 651 1436 715 1468; x_wconf 85' lang='lat' dir='ltr'>Aut</span> <span class='ocrx_word' id='word_1_341' title='bbox 726 1434 744 1468; x_wconf 83' lang='lat' dir='ltr'>fi</span> <span class='ocrx_word' id='word_1_342' title='bbox 757 1434 894 1468; x_wconf 86' lang='lat' dir='ltr'>Christus</span> <span class='ocrx_word' id='word_1_343' title='bbox 903 1445 966 1466; x_wconf 89' lang='lat' dir='ltr'>non</span> <span class='ocrx_word' id='word_1_344' title='bbox 975 1432 1045 1466; x_wconf 83' lang='lat' dir='ltr'>sitin</span> <span class='ocrx_word' id='word_1_345' title='bbox 1055 1433 1153 1476; x_wconf 84' lang='lat' dir='ltr'>aliqua</span> <span class='ocrx_word' id='word_1_346' title='bbox 1163 1433 1298 1476; x_wconf 81' lang='lat' dir='ltr'>potentia</span> <span class='ocrx_word' id='word_1_347' title='bbox 1307 1431 1439 1464; x_wconf 85' lang='lat' dir='ltr'>hominis</span> <span class='ocrx_word' id='word_1_348' title='bbox 1451 1433 1806 1478; x_wconf 81' lang='lat' dir='ltr'>mutilatus‚potest,s1cut</span> 
     </span>
     <span class='ocr_line' id='line_1_34' title="bbox 328 1476 1807 1525; baseline -0.003 -9"><span class='ocrx_word' id='word_1_349' title='bbox 328 1483 360 1516; x_wconf 75' lang='grc' dir='ltr'>ὅ(</span> <span class='ocrx_word' id='word_1_350' title='bbox 368 1485 463 1517; x_wconf 85' lang='lat' dir='ltr'>caeteri</span> <span class='ocrx_word' id='word_1_351' title='bbox 472 1482 634 1515; x_wconf 88' lang='lat' dir='ltr'>hominum</span> <span class='ocrx_word' id='word_1_352' title='bbox 643 1481 761 1514; x_wconf 88' lang='lat' dir='ltr'>inillam</span> <span class='ocrx_word' id='word_1_353' title='bbox 772 1481 980 1525; x_wconf 78' lang='lat' dir='ltr'>operationem</span> <span class='ocrx_word' id='word_1_354' title='bbox 990 1478 1124 1510; x_wconf 87' lang='lat' dir='ltr'>hominis</span> <span class='ocrx_word' id='word_1_355' title='bbox 1133 1476 1296 1511; x_wconf 86' lang='lat' dir='ltr'>naturalem</span> <span class='ocrx_word' id='word_1_356' title='bbox 1307 1487 1316 1511; x_wconf 78' lang='lat'>3</span> <span class='ocrx_word' id='word_1_357' title='bbox 1333 1476 1362 1510; x_wconf 75' lang='grc' dir='ltr'>ὅ(</span> <span class='ocrx_word' id='word_1_358' title='bbox 1371 1478 1458 1510; x_wconf 84' lang='lat' dir='ltr'>etiam</span> <span class='ocrx_word' id='word_1_359' title='bbox 1474 1476 1493 1508; x_wconf 86' lang='lat' dir='ltr'>si</span> <span class='ocrx_word' id='word_1_360' title='bbox 1511 1479 1592 1512; x_wconf 86' lang='lat' dir='ltr'>Deus</span> <span class='ocrx_word' id='word_1_361' title='bbox 1607 1490 1668 1511; x_wconf 89' lang='lat' dir='ltr'>non</span> <span class='ocrx_word' id='word_1_362' title='bbox 1679 1480 1748 1513; x_wconf 80' lang='lat' dir='ltr'>sitin</span> <span class='ocrx_word' id='word_1_363' title='bbox 1759 1480 1807 1515; x_wconf 77' lang='lat' dir='ltr'>sua</span> 
     </span>
     <span class='ocr_line' id='line_1_35' title="bbox 329 1522 1809 1572; baseline -0.003 -12"><span class='ocrx_word' id='word_1_364' title='bbox 329 1530 556 1572; x_wconf 85' lang='lat' dir='ltr'>omnipotentia</span> <span class='ocrx_word' id='word_1_365' title='bbox 566 1527 738 1563; x_wconf 64' lang='lat' dir='ltr'>defalcatus,</span> <span class='ocrx_word' id='word_1_366' title='bbox 753 1525 848 1569; x_wconf 91' lang='lat' dir='ltr'>potest</span> <span class='ocrx_word' id='word_1_367' title='bbox 865 1525 967 1557; x_wconf 87' lang='lat' dir='ltr'>saltem</span> <span class='ocrx_word' id='word_1_368' title='bbox 975 1524 1012 1556; x_wconf 89' lang='lat' dir='ltr'>de</span> <span class='ocrx_word' id='word_1_369' title='bbox 1028 1523 1213 1566; x_wconf 86' lang='lat' dir='ltr'>plenitudine</span> <span class='ocrx_word' id='word_1_370' title='bbox 1222 1523 1376 1566; x_wconf 79' lang='lat' dir='ltr'>potestatis</span> <span class='ocrx_word' id='word_1_371' title='bbox 1385 1522 1456 1554; x_wconf 83' lang='lat' dir='ltr'>dare</span> <span class='ocrx_word' id='word_1_372' title='bbox 1467 1522 1589 1557; x_wconf 83' lang='lat' dir='ltr'>Christo</span> <span class='ocrx_word' id='word_1_373' title='bbox 1597 1528 1696 1558; x_wconf 69' lang='lat' dir='ltr'>:istum</span> <span class='ocrx_word' id='word_1_374' title='bbox 1708 1525 1809 1559; x_wconf 84' lang='lat' dir='ltr'>huius-</span> 
     </span>
     <span class='ocr_line' id='line_1_36' title="bbox 328 1569 1808 1618; baseline -0.002 -11"><span class='ocrx_word' id='word_1_375' title='bbox 328 1574 414 1608; x_wconf 90' lang='lat' dir='ltr'>modi</span> <span class='ocrx_word' id='word_1_376' title='bbox 427 1575 627 1618; x_wconf 83' lang='lat' dir='ltr'>cognitiuum.</span> <span class='ocrx_word' id='word_1_377' title='bbox 652 1573 737 1605; x_wconf 88' lang='lat' dir='ltr'>Nam</span> <span class='ocrx_word' id='word_1_378' title='bbox 749 1572 840 1605; x_wconf 86' lang='lat' dir='ltr'>finon</span> <span class='ocrx_word' id='word_1_379' title='bbox 849 1571 959 1614; x_wconf 87' lang='lat' dir='ltr'>potest,</span> <span class='ocrx_word' id='word_1_380' title='bbox 974 1581 1025 1603; x_wconf 82' lang='lat' dir='ltr'>aut</span> <span class='ocrx_word' id='word_1_381' title='bbox 1040 1569 1101 1602; x_wconf 89' lang='lat' dir='ltr'>hoc</span> <span class='ocrx_word' id='word_1_382' title='bbox 1115 1570 1156 1601; x_wconf 88' lang='lat' dir='ltr'>est</span> <span class='ocrx_word' id='word_1_383' title='bbox 1172 1578 1296 1612; x_wconf 84' lang='lat' dir='ltr'>propter</span> <span class='ocrx_word' id='word_1_384' title='bbox 1312 1569 1523 1612; x_wconf 80' lang='lat' dir='ltr'>impotentiam</span> <span class='ocrx_word' id='word_1_385' title='bbox 1534 1571 1664 1603; x_wconf 66' lang='lat' dir='ltr'>affluam</span> <span class='ocrx_word' id='word_1_386' title='bbox 1680 1573 1709 1604; x_wconf 92' lang='lat' dir='ltr'>in</span> <span class='ocrx_word' id='word_1_387' title='bbox 1727 1573 1808 1611; x_wconf 82' lang='lat' dir='ltr'>Deo,</span> 
     </span>
     <span class='ocr_line' id='line_1_37' title="bbox 329 1612 1808 1665; baseline -0.005 -14"><span class='ocrx_word' id='word_1_388' title='bbox 329 1619 415 1665; x_wconf 88' lang='lat' dir='ltr'>quod</span> <span class='ocrx_word' id='word_1_389' title='bbox 424 1621 524 1653; x_wconf 84' lang='lat' dir='ltr'>nullus</span> <span class='ocrx_word' id='word_1_390' title='bbox 532 1616 692 1655; x_wconf 85' lang='lat' dir='ltr'>concedet,</span> <span class='ocrx_word' id='word_1_391' title='bbox 705 1628 756 1650; x_wconf 85' lang='lat' dir='ltr'>aut</span> <span class='ocrx_word' id='word_1_392' title='bbox 766 1627 888 1661; x_wconf 85' lang='lat' dir='ltr'>propter</span> <span class='ocrx_word' id='word_1_393' title='bbox 898 1617 1109 1659; x_wconf 85' lang='lat' dir='ltr'>impotentiam</span> <span class='ocrx_word' id='word_1_394' title='bbox 1119 1612 1315 1656; x_wconf 84' lang='lat' dir='ltr'>susceptiuam</span> <span class='ocrx_word' id='word_1_395' title='bbox 1325 1615 1355 1646; x_wconf 87' lang='lat' dir='ltr'>in</span> <span class='ocrx_word' id='word_1_396' title='bbox 1365 1613 1501 1653; x_wconf 75' lang='lat' dir='ltr'>Christo,</span> <span class='ocrx_word' id='word_1_397' title='bbox 1516 1616 1600 1659; x_wconf 90' lang='lat' dir='ltr'>quod</span> <span class='ocrx_word' id='word_1_398' title='bbox 1612 1616 1671 1649; x_wconf 88' lang='lat' dir='ltr'>dici</span> <span class='ocrx_word' id='word_1_399' title='bbox 1680 1628 1742 1649; x_wconf 87' lang='lat' dir='ltr'>non</span> <span class='ocrx_word' id='word_1_400' title='bbox 1754 1628 1808 1659; x_wconf 80' lang='lat' dir='ltr'>po.</span> 
     </span>
     <span class='ocr_line' id='line_1_38' title="bbox 331 1656 1808 1709; baseline -0.001 -12"><span class='ocrx_word' id='word_1_401' title='bbox 331 1665 403 1703; x_wconf 86' lang='lat' dir='ltr'>test,</span> <span class='ocrx_word' id='word_1_402' title='bbox 420 1665 490 1698; x_wconf 76' lang='lat' dir='ltr'>cum</span> <span class='ocrx_word' id='word_1_403' title='bbox 505 1663 630 1709; x_wconf 88' lang='lat' dir='ltr'>quilibet</span> <span class='ocrx_word' id='word_1_404' title='bbox 644 1664 720 1697; x_wconf 83' lang='lat' dir='ltr'>alius</span> <span class='ocrx_word' id='word_1_405' title='bbox 732 1663 830 1697; x_wconf 88' lang='lat' dir='ltr'>homo</span> <span class='ocrx_word' id='word_1_406' title='bbox 847 1660 976 1695; x_wconf 77' lang='lat' dir='ltr'>eiusdem</span> <span class='ocrx_word' id='word_1_407' title='bbox 994 1671 1107 1694; x_wconf 77' lang='lat' dir='ltr'>natura:</span> <span class='ocrx_word' id='word_1_408' title='bbox 1123 1660 1158 1693; x_wconf 85' lang='lat' dir='ltr'>fit</span> <span class='ocrx_word' id='word_1_409' title='bbox 1172 1661 1254 1693; x_wconf 70' lang='lat' dir='ltr'>astus</span> <span class='ocrx_word' id='word_1_410' title='bbox 1271 1656 1442 1692; x_wconf 89' lang='lat' dir='ltr'>huiusmodi</span> <span class='ocrx_word' id='word_1_411' title='bbox 1457 1658 1646 1704; x_wconf 82' lang='lat' dir='ltr'>susceptiuus.</span> <span class='ocrx_word' id='word_1_412' title='bbox 1676 1662 1808 1695; x_wconf 81' lang='lat' dir='ltr'>Rursum</span> 
     </span>
     <span class='ocr_line' id='line_1_39' title="bbox 332 1704 1808 1750; baseline -0.003 -7"><span class='ocrx_word' id='word_1_413' title='bbox 332 1710 471 1745; x_wconf 84' lang='lat' dir='ltr'>Christus</span> <span class='ocrx_word' id='word_1_414' title='bbox 479 1712 509 1745; x_wconf 73' lang='grc' dir='ltr'>ἃ</span> <span class='ocrx_word' id='word_1_415' title='bbox 518 1711 614 1744; x_wconf 78' lang='lat' dir='ltr'>caeteri</span> <span class='ocrx_word' id='word_1_416' title='bbox 622 1709 764 1742; x_wconf 87' lang='lat' dir='ltr'>homines</span> <span class='ocrx_word' id='word_1_417' title='bbox 773 1709 839 1740; x_wconf 87' lang='lat' dir='ltr'>sunt</span> <span class='ocrx_word' id='word_1_418' title='bbox 850 1706 976 1740; x_wconf 84' lang='lat' dir='ltr'>ciusdem</span> <span class='ocrx_word' id='word_1_419' title='bbox 987 1718 1110 1743; x_wconf 80' lang='lat' dir='ltr'>naturae,</span> <span class='ocrx_word' id='word_1_420' title='bbox 1124 1707 1154 1740; x_wconf 69' lang='grc' dir='ltr'>ὃ(</span> <span class='ocrx_word' id='word_1_421' title='bbox 1162 1706 1205 1738; x_wconf 89' lang='lat' dir='ltr'>isti</span> <span class='ocrx_word' id='word_1_422' title='bbox 1213 1704 1383 1738; x_wconf 82' lang='lat' dir='ltr'>naturaliter</span> <span class='ocrx_word' id='word_1_423' title='bbox 1393 1706 1457 1738; x_wconf 89' lang='lat' dir='ltr'>sunt</span> <span class='ocrx_word' id='word_1_424' title='bbox 1466 1717 1585 1750; x_wconf 78' lang='lat' dir='ltr'>capaces</span> <span class='ocrx_word' id='word_1_425' title='bbox 1592 1709 1742 1740; x_wconf 71' lang='lat' dir='ltr'>astionurn</span> <span class='ocrx_word' id='word_1_426' title='bbox 1753 1707 1808 1740; x_wconf 90' lang='lat' dir='ltr'>hu-</span> 
     </span>
     <span class='ocr_line' id='line_1_40' title="bbox 332 1749 1808 1799; baseline 0 -14"><span class='ocrx_word' id='word_1_427' title='bbox 332 1756 477 1792; x_wconf 71' lang='lat' dir='ltr'>iusmodi,</span> <span class='ocrx_word' id='word_1_428' title='bbox 485 1767 559 1799; x_wconf 78' lang='lat' dir='ltr'>ergo</span> <span class='ocrx_word' id='word_1_429' title='bbox 567 1757 596 1791; x_wconf 73' lang='grc' dir='ltr'>ὅ(</span> <span class='ocrx_word' id='word_1_430' title='bbox 604 1754 676 1799; x_wconf 85' lang='lat' dir='ltr'>ipse,</span> <span class='ocrx_word' id='word_1_431' title='bbox 685 1754 757 1788; x_wconf 80' lang='lat' dir='ltr'>ficut</span> <span class='ocrx_word' id='word_1_432' title='bbox 767 1764 819 1798; x_wconf 88' lang='lat' dir='ltr'>pei:</span> <span class='ocrx_word' id='word_1_433' title='bbox 828 1755 960 1797; x_wconf 81' lang='lat' dir='ltr'>separet:</span> <span class='ocrx_word' id='word_1_434' title='bbox 977 1753 1060 1797; x_wconf 86' lang='lat' dir='ltr'>quod</span> <span class='ocrx_word' id='word_1_435' title='bbox 1069 1753 1158 1787; x_wconf 83' lang='lat' dir='ltr'>etiarn</span> <span class='ocrx_word' id='word_1_436' title='bbox 1167 1751 1288 1783; x_wconf 83' lang='lat' dir='ltr'>testatur</span> <span class='ocrx_word' id='word_1_437' title='bbox 1295 1749 1498 1794; x_wconf 84' lang='lat' dir='ltr'>Philosophus</span> <span class='ocrx_word' id='word_1_438' title='bbox 1508 1763 1537 1788; x_wconf 81' lang='lat'>2.</span> <span class='ocrx_word' id='word_1_439' title='bbox 1546 1751 1583 1785; x_wconf 90' lang='lat' dir='ltr'>de</span> <span class='ocrx_word' id='word_1_440' title='bbox 1592 1752 1674 1785; x_wconf 78' lang='lat' dir='ltr'>coelo</span> <span class='ocrx_word' id='word_1_441' title='bbox 1684 1751 1739 1794; x_wconf 83' lang='lat'>48.</span> <span class='ocrx_word' id='word_1_442' title='bbox 1760 1765 1808 1785; x_wconf 83' lang='lat' dir='ltr'>at·</span> 
     </span>
     <span class='ocr_line' id='line_1_41' title="bbox 332 1795 1808 1846; baseline -0.001 -13"><span class='ocrx_word' id='word_1_443' title='bbox 332 1813 428 1846; x_wconf 80' lang='lat' dir='ltr'>giiens</span> <span class='ocrx_word' id='word_1_444' title='bbox 437 1801 521 1845; x_wconf 74' lang='lat' dir='ltr'>quod</span> <span class='ocrx_word' id='word_1_445' title='bbox 532 1801 550 1833; x_wconf 86' lang='lat' dir='ltr'>si</span> <span class='ocrx_word' id='word_1_446' title='bbox 559 1812 652 1834; x_wconf 88' lang='lat' dir='ltr'>vnum</span> <span class='ocrx_word' id='word_1_447' title='bbox 660 1801 769 1834; x_wconf 84' lang='lat' dir='ltr'>astrum</span> <span class='ocrx_word' id='word_1_448' title='bbox 778 1809 1010 1831; x_wconf 85' lang='lat' dir='ltr'>moueturmotu</span> <span class='ocrx_word' id='word_1_449' title='bbox 1019 1796 1298 1839; x_wconf 82' lang='lat' dir='ltr'>circumgirationis‚</span> <span class='ocrx_word' id='word_1_450' title='bbox 1315 1797 1419 1830; x_wconf 90' lang='lat' dir='ltr'>omnia</span> <span class='ocrx_word' id='word_1_451' title='bbox 1433 1795 1473 1829; x_wconf 86' lang='lat' dir='ltr'>sic</span> <span class='ocrx_word' id='word_1_452' title='bbox 1486 1800 1601 1831; x_wconf 85' lang='lat' dir='ltr'>moueri</span> <span class='ocrx_word' id='word_1_453' title='bbox 1618 1811 1628 1836; x_wconf 71' lang='grc' dir='ltr'><strong>ς</strong></span> <span class='ocrx_word' id='word_1_454' title='bbox 1644 1797 1674 1832; x_wconf 74' lang='grc' dir='ltr'>ὃ(</span> <span class='ocrx_word' id='word_1_455' title='bbox 1688 1809 1742 1840; x_wconf 88' lang='lat'>49.</span> <span class='ocrx_word' id='word_1_456' title='bbox 1761 1801 1808 1832; x_wconf 87' lang='lat' dir='ltr'>in-</span> 
     </span>
     <span class='ocr_line' id='line_1_42' title="bbox 331 1841 1850 1891; baseline -0.001 -12"><span class='ocrx_word' id='word_1_457' title='bbox 331 1851 396 1880; x_wconf 88' lang='lat' dir='ltr'>nuit</span> <span class='ocrx_word' id='word_1_458' title='bbox 406 1846 498 1879; x_wconf 85' lang='lat' dir='ltr'>simile</span> <span class='ocrx_word' id='word_1_459' title='bbox 505 1857 716 1891; x_wconf 84' lang='lat' dir='ltr'>argumentum</span> <span class='ocrx_word' id='word_1_460' title='bbox 724 1846 761 1880; x_wconf 91' lang='lat' dir='ltr'>de</span> <span class='ocrx_word' id='word_1_461' title='bbox 769 1855 858 1877; x_wconf 88' lang='lat' dir='ltr'>motu</span> <span class='ocrx_word' id='word_1_462' title='bbox 867 1844 1059 1877; x_wconf 85' lang='lat' dir='ltr'>volutationis</span> <span class='ocrx_word' id='word_1_463' title='bbox 1073 1845 1218 1876; x_wconf 85' lang='lat' dir='ltr'>astrorum</span> <span class='ocrx_word' id='word_1_464' title='bbox 1236 1855 1246 1879; x_wconf 76' lang='lat'>3</span> <span class='ocrx_word' id='word_1_465' title='bbox 1261 1841 1352 1884; x_wconf 85' lang='lat' dir='ltr'>qui&amp;</span> <span class='ocrx_word' id='word_1_466' title='bbox 1364 1851 1413 1885; x_wconf 86' lang='lat'>59.</span> <span class='ocrx_word' id='word_1_467' title='bbox 1425 1842 1703 1886; x_wconf 81' lang='lat' dir='ltr'>similiterargnitde</span> <span class='ocrx_word' id='word_1_468' title='bbox 1712 1843 1804 1888; x_wconf 83' lang='lat' dir='ltr'>sphae-</span> <span class='ocrx_word' id='word_1_469' title='bbox 1816 1852 1850 1886; x_wconf 84' lang='lat'>1)</span> 
     </span>
     <span class='ocr_line' id='line_1_43' title="bbox 330 1887 1806 1936; baseline -0.003 -11"><span class='ocrx_word' id='word_1_470' title='bbox 330 1894 605 1926; x_wconf 84' lang='lat' dir='ltr'>ricitateastrorum.</span> <span class='ocrx_word' id='word_1_471' title='bbox 629 1890 820 1936; x_wconf 86' lang='lat' dir='ltr'>Superquod</span> <span class='ocrx_word' id='word_1_472' title='bbox 835 1892 997 1928; x_wconf 73' lang='lat' dir='ltr'>Auenoes,</span> <span class='ocrx_word' id='word_1_473' title='bbox 1011 1887 1248 1924; x_wconf 80' lang='lat' dir='ltr'>Demonstratio,</span> <span class='ocrx_word' id='word_1_474' title='bbox 1262 1887 1371 1930; x_wconf 84' lang='lat' dir='ltr'>inquit,</span> <span class='ocrx_word' id='word_1_475' title='bbox 1388 1887 1531 1921; x_wconf 86' lang='lat' dir='ltr'>fundatur</span> <span class='ocrx_word' id='word_1_476' title='bbox 1540 1887 1624 1931; x_wconf 89' lang='lat' dir='ltr'>super</span> <span class='ocrx_word' id='word_1_477' title='bbox 1633 1887 1704 1927; x_wconf 84' lang='lat' dir='ltr'>hor,</span> <span class='ocrx_word' id='word_1_478' title='bbox 1719 1889 1806 1934; x_wconf 71' lang='lat' dir='ltr'>quod</span> 
     </span>
     <span class='ocr_line' id='line_1_44' title="bbox 331 1931 1806 1980; baseline -0.002 -10"><span class='ocrx_word' id='word_1_479' title='bbox 331 1939 436 1971; x_wconf 87' lang='lat' dir='ltr'>omnia</span> <span class='ocrx_word' id='word_1_480' title='bbox 444 1949 572 1980; x_wconf 88' lang='lat' dir='ltr'>corpora</span> <span class='ocrx_word' id='word_1_481' title='bbox 581 1938 712 1970; x_wconf 62' lang='lat' dir='ltr'>caelestia</span> <span class='ocrx_word' id='word_1_482' title='bbox 722 1936 787 1970; x_wconf 87' lang='lat' dir='ltr'>sunt</span> <span class='ocrx_word' id='word_1_483' title='bbox 798 1934 926 1969; x_wconf 86' lang='lat' dir='ltr'>eiusdem</span> <span class='ocrx_word' id='word_1_484' title='bbox 939 1946 1047 1968; x_wconf 80' lang='lat' dir='ltr'>naturae</span> <span class='ocrx_word' id='word_1_485' title='bbox 1057 1933 1162 1977; x_wconf 86' lang='lat' dir='ltr'>specie,</span> <span class='ocrx_word' id='word_1_486' title='bbox 1178 1939 1208 1966; x_wconf 71' lang='grc'>8(</span> <span class='ocrx_word' id='word_1_487' title='bbox 1218 1931 1302 1975; x_wconf 66' lang='lat' dir='ltr'>quod</span> <span class='ocrx_word' id='word_1_488' title='bbox 1311 1944 1440 1976; x_wconf 85' lang='lat' dir='ltr'>corpora</span> <span class='ocrx_word' id='word_1_489' title='bbox 1455 1933 1586 1966; x_wconf 70' lang='lat' dir='ltr'>coelestia</span> <span class='ocrx_word' id='word_1_490' title='bbox 1597 1936 1661 1965; x_wconf 89' lang='lat' dir='ltr'>sunt</span> <span class='ocrx_word' id='word_1_491' title='bbox 1670 1935 1750 1977; x_wconf 71' lang='lat' dir='ltr'>plura</span> <span class='ocrx_word' id='word_1_492' title='bbox 1761 1937 1806 1968; x_wconf 82' lang='lat' dir='ltr'>in-</span> 
     </span>
     <span class='ocr_line' id='line_1_45' title="bbox 332 1977 1807 2026; baseline -0.003 -10"><span class='ocrx_word' id='word_1_493' title='bbox 332 1983 490 2016; x_wconf 80' lang='lat' dir='ltr'>diuiduain</span> <span class='ocrx_word' id='word_1_494' title='bbox 501 1985 595 2026; x_wconf 80' lang='lat' dir='ltr'>specie</span> <span class='ocrx_word' id='word_1_495' title='bbox 611 1997 622 2022; x_wconf 60' lang='grc' dir='ltr'>ς</span> <span class='ocrx_word' id='word_1_496' title='bbox 637 1983 667 2017; x_wconf 74' lang='grc' dir='ltr'>ὃ(</span> <span class='ocrx_word' id='word_1_497' title='bbox 678 1983 747 2014; x_wconf 72' lang='lat' dir='ltr'>cum</span> <span class='ocrx_word' id='word_1_498' title='bbox 758 1983 798 2014; x_wconf 83' lang='lat' dir='ltr'>ita</span> <span class='ocrx_word' id='word_1_499' title='bbox 810 1982 853 2017; x_wconf 87' lang='lat' dir='ltr'>sit,</span> <span class='ocrx_word' id='word_1_500' title='bbox 870 1987 900 2013; x_wconf 76' lang='grc' dir='ltr'>δι</span> <span class='ocrx_word' id='word_1_501' title='bbox 911 1981 1025 2012; x_wconf 80' lang='lat' dir='ltr'>necesse</span> <span class='ocrx_word' id='word_1_502' title='bbox 1033 1982 1113 2013; x_wconf 81' lang='lat' dir='ltr'>estvt</span> <span class='ocrx_word' id='word_1_503' title='bbox 1128 1977 1199 2011; x_wconf 88' lang='lat' dir='ltr'>illud</span> <span class='ocrx_word' id='word_1_504' title='bbox 1217 1977 1299 2021; x_wconf 92' lang='lat' dir='ltr'>quod</span> <span class='ocrx_word' id='word_1_505' title='bbox 1316 1979 1410 2011; x_wconf 76' lang='lat' dir='ltr'>existit</span> <span class='ocrx_word' id='word_1_506' title='bbox 1426 1979 1455 2010; x_wconf 89' lang='lat' dir='ltr'>in</span> <span class='ocrx_word' id='word_1_507' title='bbox 1470 1979 1807 2022; x_wconf 82' lang='lat' dir='ltr'>aliquoindiuiduorum</span> 
     </span>
     <span class='ocr_line' id='line_1_46' title="bbox 334 2023 1808 2072; baseline -0.003 -10"><span class='ocrx_word' id='word_1_508' title='bbox 334 2028 442 2072; x_wconf 84' lang='lat' dir='ltr'>speciei</span> <span class='ocrx_word' id='word_1_509' title='bbox 453 2039 487 2060; x_wconf 84' lang='lat' dir='ltr'>cx</span> <span class='ocrx_word' id='word_1_510' title='bbox 499 2028 586 2062; x_wconf 84' lang='lat' dir='ltr'>rebus</span> <span class='ocrx_word' id='word_1_511' title='bbox 595 2027 805 2068; x_wconf 77' lang='lat' dir='ltr'>essentialibus,</span> <span class='ocrx_word' id='word_1_512' title='bbox 818 2025 1106 2060; x_wconf 77' lang='lat' dir='ltr'>existatinomnibus</span> <span class='ocrx_word' id='word_1_513' title='bbox 1115 2023 1275 2057; x_wconf 84' lang='lat' dir='ltr'>indiuiduis</span> <span class='ocrx_word' id='word_1_514' title='bbox 1290 2023 1366 2056; x_wconf 87' lang='lat' dir='ltr'>illius</span> <span class='ocrx_word' id='word_1_515' title='bbox 1375 2025 1479 2067; x_wconf 85' lang='lat' dir='ltr'>speciei</span> <span class='ocrx_word' id='word_1_516' title='bbox 1497 2038 1506 2062; x_wconf 70' lang='grc' dir='ltr'><strong>ς</strong></span> <span class='ocrx_word' id='word_1_517' title='bbox 1522 2029 1551 2058; x_wconf 70' lang='grc' dir='ltr'>ὅ(</span> <span class='ocrx_word' id='word_1_518' title='bbox 1566 2025 1653 2069; x_wconf 72' lang='lat' dir='ltr'>quod</span> <span class='ocrx_word' id='word_1_519' title='bbox 1664 2025 1759 2069; x_wconf 86' lang='lat' dir='ltr'>figura</span> <span class='ocrx_word' id='word_1_520' title='bbox 1768 2026 1808 2058; x_wconf 88' lang='lat' dir='ltr'>est</span> 
     </span>
     <span class='ocr_line' id='line_1_47' title="bbox 335 2068 1811 2115; baseline -0.005 -8"><span class='ocrx_word' id='word_1_521' title='bbox 335 2085 372 2107; x_wconf 85' lang='lat' dir='ltr'>ex</span> <span class='ocrx_word' id='word_1_522' title='bbox 382 2072 468 2106; x_wconf 74' lang='lat' dir='ltr'>rebus</span> <span class='ocrx_word' id='word_1_523' title='bbox 478 2072 714 2108; x_wconf 80' lang='lat' dir='ltr'>effentialibusin</span> <span class='ocrx_word' id='word_1_524' title='bbox 723 2071 901 2115; x_wconf 83' lang='lat' dir='ltr'>corporibus</span> <span class='ocrx_word' id='word_1_525' title='bbox 910 2070 1088 2106; x_wconf 83' lang='lat' dir='ltr'>coelestibus,</span> <span class='ocrx_word' id='word_1_526' title='bbox 1105 2072 1177 2115; x_wconf 86' lang='lat' dir='ltr'>quia</span> <span class='ocrx_word' id='word_1_527' title='bbox 1185 2068 1249 2101; x_wconf 90' lang='lat' dir='ltr'>sunt</span> <span class='ocrx_word' id='word_1_528' title='bbox 1258 2071 1386 2102; x_wconf 85' lang='lat' dir='ltr'>animata</span> <span class='ocrx_word' id='word_1_529' title='bbox 1398 2069 1573 2103; x_wconf 79' lang='lat' dir='ltr'>;secundum</span> <span class='ocrx_word' id='word_1_530' title='bbox 1583 2070 1637 2102; x_wconf 84' lang='lat' dir='ltr'>has</span> <span class='ocrx_word' id='word_1_531' title='bbox 1645 2073 1732 2113; x_wconf 78' lang='lat' dir='ltr'>igitur</span> <span class='ocrx_word' id='word_1_532' title='bbox 1741 2081 1811 2114; x_wconf 47' lang='lat' dir='ltr'>pro*</span> 
     </span>
     <span class='ocr_line' id='line_1_48' title="bbox 335 2113 1809 2163; baseline -0.002 -12"><span class='ocrx_word' id='word_1_533' title='bbox 335 2117 501 2163; x_wconf 83' lang='lat' dir='ltr'>positiones</span> <span class='ocrx_word' id='word_1_534' title='bbox 509 2118 736 2153; x_wconf 80' lang='lat' dir='ltr'>verificaturisse</span> <span class='ocrx_word' id='word_1_535' title='bbox 746 2118 891 2154; x_wconf 66' lang='lat' dir='ltr'>sermm&amp;</span> <span class='ocrx_word' id='word_1_536' title='bbox 902 2127 963 2149; x_wconf 89' lang='lat' dir='ltr'>non</span> <span class='ocrx_word' id='word_1_537' title='bbox 972 2118 1012 2149; x_wconf 90' lang='lat' dir='ltr'>est</span> <span class='ocrx_word' id='word_1_538' title='bbox 1019 2128 1070 2159; x_wconf 87' lang='lat' dir='ltr'>per</span> <span class='ocrx_word' id='word_1_539' title='bbox 1079 2113 1264 2155; x_wconf 82' lang='lat' dir='ltr'>exemplum.</span> <span class='ocrx_word' id='word_1_540' title='bbox 1278 2115 1351 2147; x_wconf 80' lang='lat' dir='ltr'>Item</span> <span class='ocrx_word' id='word_1_541' title='bbox 1363 2115 1466 2147; x_wconf 79' lang='lat' dir='ltr'>sormae</span> <span class='ocrx_word' id='word_1_542' title='bbox 1475 2117 1507 2148; x_wconf 89' lang='lat' dir='ltr'>ei·</span> <span class='ocrx_word' id='word_1_543' title='bbox 1516 2114 1602 2147; x_wconf 72' lang='lat' dir='ltr'>‹sdcm</span> <span class='ocrx_word' id='word_1_544' title='bbox 1614 2127 1723 2148; x_wconf 72' lang='lat' dir='ltr'>naturre</span> <span class='ocrx_word' id='word_1_545' title='bbox 1734 2126 1809 2148; x_wconf 84' lang='lat' dir='ltr'>natae</span> 
     </span>
     <span class='ocr_line' id='line_1_49' title="bbox 335 2159 1810 2208; baseline -0.002 -13"><span class='ocrx_word' id='word_1_546' title='bbox 335 2163 404 2196; x_wconf 88' lang='lat' dir='ltr'>suut</span> <span class='ocrx_word' id='word_1_547' title='bbox 415 2164 523 2197; x_wconf 86' lang='lat' dir='ltr'>habere</span> <span class='ocrx_word' id='word_1_548' title='bbox 530 2167 721 2208; x_wconf 82' lang='lat' dir='ltr'>opetationes</span> <span class='ocrx_word' id='word_1_549' title='bbox 732 2164 869 2206; x_wconf 83' lang='lat' dir='ltr'>proprias</span> <span class='ocrx_word' id='word_1_550' title='bbox 879 2161 1010 2194; x_wconf 85' lang='lat' dir='ltr'>eiusdem</span> <span class='ocrx_word' id='word_1_551' title='bbox 1021 2172 1140 2199; x_wconf 76' lang='lat' dir='ltr'>namrae,</span> <span class='ocrx_word' id='word_1_552' title='bbox 1155 2160 1185 2195; x_wconf 73' lang='grc' dir='ltr'>ὀ(</span> <span class='ocrx_word' id='word_1_553' title='bbox 1195 2159 1292 2192; x_wconf 80' lang='lat' dir='ltr'>anima</span> <span class='ocrx_word' id='word_1_554' title='bbox 1304 2159 1426 2199; x_wconf 75' lang='lat' dir='ltr'>Christi,</span> <span class='ocrx_word' id='word_1_555' title='bbox 1438 2172 1493 2193; x_wconf 80' lang='lat' dir='ltr'>ac:</span> <span class='ocrx_word' id='word_1_556' title='bbox 1526 2164 1584 2192; x_wconf 88' lang='lat' dir='ltr'>ima</span> <span class='ocrx_word' id='word_1_557' title='bbox 1592 2162 1744 2194; x_wconf 84' lang='lat' dir='ltr'>cuiussibet</span> <span class='ocrx_word' id='word_1_558' title='bbox 1753 2160 1810 2192; x_wconf 89' lang='lat' dir='ltr'>ho-</span> 
     </span>
     <span class='ocr_line' id='line_1_50' title="bbox 334 2203 1809 2244; baseline -0.001 -3"><span class='ocrx_word' id='word_1_559' title='bbox 334 2212 428 2242; x_wconf 79' lang='lat' dir='ltr'>minis</span> <span class='ocrx_word' id='word_1_560' title='bbox 436 2211 551 2244; x_wconf 81' lang='lat' dir='ltr'>alterius</span> <span class='ocrx_word' id='word_1_561' title='bbox 560 2207 767 2243; x_wconf 84' lang='lat' dir='ltr'>suntei&#39;usdem</span> <span class='ocrx_word' id='word_1_562' title='bbox 780 2219 902 2241; x_wconf 74' lang='lat' dir='ltr'>natur-e.</span> <span class='ocrx_word' id='word_1_563' title='bbox 925 2209 1000 2240; x_wconf 85' lang='lat' dir='ltr'>Item</span> <span class='ocrx_word' id='word_1_564' title='bbox 1011 2218 1115 2239; x_wconf 85' lang='lat' dir='ltr'>natura</span> <span class='ocrx_word' id='word_1_565' title='bbox 1124 2207 1291 2237; x_wconf 78' lang='lat' dir='ltr'>humanam</span> <span class='ocrx_word' id='word_1_566' title='bbox 1301 2205 1425 2238; x_wconf 90' lang='lat' dir='ltr'>Christo</span> <span class='ocrx_word' id='word_1_567' title='bbox 1443 2204 1461 2237; x_wconf 80' lang='lat' dir='ltr'>si</span> <span class='ocrx_word' id='word_1_568' title='bbox 1474 2203 1543 2237; x_wconf 78' lang='lat' dir='ltr'>esset</span> <span class='ocrx_word' id='word_1_569' title='bbox 1555 2205 1668 2238; x_wconf 84' lang='lat' dir='ltr'>dimissa</span> <span class='ocrx_word' id='word_1_570' title='bbox 1680 2209 1695 2238; x_wconf 77' lang='lat' dir='ltr'>:l</span> <span class='ocrx_word' id='word_1_571' title='bbox 1704 2205 1809 2243; x_wconf 81' lang='lat' dir='ltr'>verbo,</span> 
     </span>
     <span class='ocr_line' id='line_1_51' title="bbox 336 2248 1810 2299; baseline -0.002 -12"><span class='ocrx_word' id='word_1_572' title='bbox 336 2252 470 2298; x_wconf 82' lang='lat' dir='ltr'>possetin</span> <span class='ocrx_word' id='word_1_573' title='bbox 479 2254 508 2289; x_wconf 89' lang='lat' dir='ltr'>se</span> <span class='ocrx_word' id='word_1_574' title='bbox 517 2255 681 2299; x_wconf 85' lang='lat' dir='ltr'>producere</span> <span class='ocrx_word' id='word_1_575' title='bbox 690 2254 777 2286; x_wconf 84' lang='lat' dir='ltr'>talem</span> <span class='ocrx_word' id='word_1_576' title='bbox 785 2256 896 2290; x_wconf 67' lang='lat' dir='ltr'>astum,</span> <span class='ocrx_word' id='word_1_577' title='bbox 914 2263 968 2285; x_wconf 90' lang='lat' dir='ltr'>nec</span> <span class='ocrx_word' id='word_1_578' title='bbox 982 2251 1108 2285; x_wconf 69' lang='lat' dir='ltr'>verbum</span> <span class='ocrx_word' id='word_1_579' title='bbox 1122 2251 1213 2293; x_wconf 88' lang='lat' dir='ltr'>ipsam</span> <span class='ocrx_word' id='word_1_580' title='bbox 1230 2248 1374 2290; x_wconf 81' lang='lat' dir='ltr'>debilitat,</span> <span class='ocrx_word' id='word_1_581' title='bbox 1389 2249 1438 2282; x_wconf 90' lang='lat' dir='ltr'>sed</span> <span class='ocrx_word' id='word_1_582' title='bbox 1455 2250 1595 2284; x_wconf 78' lang='lat' dir='ltr'>fortificat</span> <span class='ocrx_word' id='word_1_583' title='bbox 1613 2252 1714 2295; x_wconf 66' lang='lat' dir='ltr'>potius</span> <span class='ocrx_word' id='word_1_584' title='bbox 1729 2263 1810 2284; x_wconf 85' lang='lat' dir='ltr'>nuuc</span> 
     </span>
     <span class='ocr_line' id='line_1_52' title="bbox 338 2294 1811 2340; baseline 0.001 -9"><span class='ocrx_word' id='word_1_585' title='bbox 338 2302 468 2333; x_wconf 78' lang='lat' dir='ltr'>vnitam.</span> <span class='ocrx_word' id='word_1_586' title='bbox 497 2300 570 2334; x_wconf 83' lang='lat' dir='ltr'>ltem</span> <span class='ocrx_word' id='word_1_587' title='bbox 581 2298 665 2333; x_wconf 84' lang='lat' dir='ltr'>simili</span> <span class='ocrx_word' id='word_1_588' title='bbox 680 2300 795 2331; x_wconf 87' lang='lat' dir='ltr'>tatione</span> <span class='ocrx_word' id='word_1_589' title='bbox 812 2297 922 2331; x_wconf 83' lang='lat' dir='ltr'>liabent</span> <span class='ocrx_word' id='word_1_590' title='bbox 939 2296 1099 2331; x_wconf 76' lang='lat' dir='ltr'>necessario</span> <span class='ocrx_word' id='word_1_591' title='bbox 1115 2297 1213 2329; x_wconf 85' lang='lat' dir='ltr'>dicere</span> <span class='ocrx_word' id='word_1_592' title='bbox 1228 2294 1445 2340; x_wconf 85' lang='lat' dir='ltr'>consequenter</span> <span class='ocrx_word' id='word_1_593' title='bbox 1462 2296 1615 2329; x_wconf 81' lang='lat' dir='ltr'>Chiislum</span> <span class='ocrx_word' id='word_1_594' title='bbox 1633 2296 1761 2330; x_wconf 72' lang='lat' dir='ltr'>babuisse</span> <span class='ocrx_word' id='word_1_595' title='bbox 1779 2297 1811 2332; x_wconf 74' lang='grc' dir='ltr'>ὅ(</span> 
     </span>
     <span class='ocr_line' id='line_1_53' title="bbox 338 2339 1811 2386; baseline -0.003 -8"><span class='ocrx_word' id='word_1_596' title='bbox 338 2344 448 2379; x_wconf 83' lang='lat' dir='ltr'>habete</span> <span class='ocrx_word' id='word_1_597' title='bbox 459 2345 583 2377; x_wconf 83' lang='lat' dir='ltr'>similem</span> <span class='ocrx_word' id='word_1_598' title='bbox 591 2348 689 2379; x_wconf 69' lang='lat' dir='ltr'>astum</span> <span class='ocrx_word' id='word_1_599' title='bbox 699 2344 821 2378; x_wconf 85' lang='lat' dir='ltr'>volendi</span> <span class='ocrx_word' id='word_1_600' title='bbox 838 2355 846 2378; x_wconf 83' lang='grc'>·,</span> <span class='ocrx_word' id='word_1_601' title='bbox 862 2346 912 2383; x_wconf 78' lang='lat' dir='ltr'>qui</span> <span class='ocrx_word' id='word_1_602' title='bbox 925 2344 994 2375; x_wconf 75' lang='lat' dir='ltr'>licet</span> <span class='ocrx_word' id='word_1_603' title='bbox 1010 2354 1087 2375; x_wconf 91' lang='lat' dir='ltr'>nunc</span> <span class='ocrx_word' id='word_1_604' title='bbox 1096 2341 1222 2374; x_wconf 73' lang='lat' dir='ltr'>efferant</span> <span class='ocrx_word' id='word_1_605' title='bbox 1240 2343 1320 2383; x_wconf 79' lang='lat' dir='ltr'>prius</span> <span class='ocrx_word' id='word_1_606' title='bbox 1336 2339 1426 2374; x_wconf 71' lang='lat' dir='ltr'>inisset</span> <span class='ocrx_word' id='word_1_607' title='bbox 1436 2341 1666 2376; x_wconf 71' lang='lat' dir='ltr'>distinstiisimus</span> <span class='ocrx_word' id='word_1_608' title='bbox 1676 2344 1811 2386; x_wconf 76' lang='lat' dir='ltr'>reschtii</span> 
     </span>
     <span class='ocr_line' id='line_1_54' title="bbox 340 2386 1810 2435; baseline -0.002 -14"><span class='ocrx_word' id='word_1_609' title='bbox 340 2393 429 2424; x_wconf 88' lang='lat' dir='ltr'>vnius</span> <span class='ocrx_word' id='word_1_610' title='bbox 437 2389 562 2429; x_wconf 69' lang='lat' dir='ltr'>obiesti,</span> <span class='ocrx_word' id='word_1_611' title='bbox 570 2391 666 2435; x_wconf 83' lang='lat' dir='ltr'>posset</span> <span class='ocrx_word' id='word_1_612' title='bbox 675 2401 756 2422; x_wconf 87' lang='lat' dir='ltr'>nunc</span> <span class='ocrx_word' id='word_1_613' title='bbox 765 2401 826 2422; x_wconf 90' lang='lat' dir='ltr'>non</span> <span class='ocrx_word' id='word_1_614' title='bbox 836 2387 891 2421; x_wconf 81' lang='lat' dir='ltr'>effe</span> <span class='ocrx_word' id='word_1_615' title='bbox 901 2389 929 2421; x_wconf 73' lang='grc' dir='ltr'>ὅ(</span> <span class='ocrx_word' id='word_1_616' title='bbox 940 2399 1020 2432; x_wconf 84' lang='lat' dir='ltr'>prius</span> <span class='ocrx_word' id='word_1_617' title='bbox 1029 2400 1091 2420; x_wconf 92' lang='lat' dir='ltr'>non</span> <span class='ocrx_word' id='word_1_618' title='bbox 1100 2388 1181 2419; x_wconf 78' lang='lat' dir='ltr'>fuisse</span> <span class='ocrx_word' id='word_1_619' title='bbox 1189 2387 1276 2424; x_wconf 82' lang='lat' dir='ltr'>illius,</span> <span class='ocrx_word' id='word_1_620' title='bbox 1293 2386 1338 2419; x_wconf 88' lang='lat' dir='ltr'>scd</span> <span class='ocrx_word' id='word_1_621' title='bbox 1347 2388 1464 2420; x_wconf 84' lang='lat' dir='ltr'>alterius</span> <span class='ocrx_word' id='word_1_622' title='bbox 1481 2398 1490 2421; x_wconf 84' lang='lat'>3</span> <span class='ocrx_word' id='word_1_623' title='bbox 1503 2389 1631 2432; x_wconf 75' lang='lat' dir='ltr'>quare&amp;</span> <span class='ocrx_word' id='word_1_624' title='bbox 1640 2400 1716 2432; x_wconf 85' lang='lat' dir='ltr'>opus</span> <span class='ocrx_word' id='word_1_625' title='bbox 1727 2388 1810 2432; x_wconf 90' lang='lat' dir='ltr'>quod</span> 
     </span>
     <span class='ocr_line' id='line_1_55' title="bbox 339 2430 1848 2480; baseline -0.002 -11"><span class='ocrx_word' id='word_1_626' title='bbox 339 2437 370 2469; x_wconf 89' lang='lat' dir='ltr'>in</span> <span class='ocrx_word' id='word_1_627' title='bbox 380 2435 514 2480; x_wconf 81' lang='lat' dir='ltr'>praesenti</span> <span class='ocrx_word' id='word_1_628' title='bbox 524 2436 541 2468; x_wconf 67' lang='lat' dir='ltr'>a</span> <span class='ocrx_word' id='word_1_629' title='bbox 549 2435 597 2468; x_wconf 82' lang='lat' dir='ltr'>tali</span> <span class='ocrx_word' id='word_1_630' title='bbox 607 2436 766 2468; x_wconf 83' lang='lat' dir='ltr'>volutione</span> <span class='ocrx_word' id='word_1_631' title='bbox 774 2434 961 2480; x_wconf 84' lang='lat' dir='ltr'>procederet,</span> <span class='ocrx_word' id='word_1_632' title='bbox 976 2433 1023 2466; x_wconf 91' lang='lat' dir='ltr'>vel</span> <span class='ocrx_word' id='word_1_633' title='bbox 1032 2436 1060 2466; x_wconf 87' lang='lat' dir='ltr'>in</span> <span class='ocrx_word' id='word_1_634' title='bbox 1070 2436 1220 2477; x_wconf 83' lang='lat' dir='ltr'>praetetito</span> <span class='ocrx_word' id='word_1_635' title='bbox 1228 2430 1422 2473; x_wconf 80' lang='lat' dir='ltr'>processisset,</span> <span class='ocrx_word' id='word_1_636' title='bbox 1437 2431 1528 2475; x_wconf 88' lang='lat' dir='ltr'>posset</span> <span class='ocrx_word' id='word_1_637' title='bbox 1537 2444 1615 2465; x_wconf 91' lang='lat' dir='ltr'>nunc</span> <span class='ocrx_word' id='word_1_638' title='bbox 1626 2445 1686 2466; x_wconf 92' lang='lat' dir='ltr'>non</span> <span class='ocrx_word' id='word_1_639' title='bbox 1697 2435 1762 2470; x_wconf 72' lang='lat' dir='ltr'>csse,</span> <span class='ocrx_word' id='word_1_640' title='bbox 1780 2435 1810 2467; x_wconf 86' lang='lat'>&amp;</span> <span class='ocrx_word' id='word_1_641' title='bbox 1824 2445 1848 2477; x_wconf 75' lang='lat' dir='ltr'>E</span> 
     </span>
     <span class='ocr_line' id='line_1_56' title="bbox 339 2476 1811 2525; baseline -0.003 -11"><span class='ocrx_word' id='word_1_642' title='bbox 339 2481 371 2514; x_wconf 82' lang='lat' dir='ltr'>in</span> <span class='ocrx_word' id='word_1_643' title='bbox 381 2480 532 2525; x_wconf 81' lang='lat' dir='ltr'>praeterito</span> <span class='ocrx_word' id='word_1_644' title='bbox 540 2492 603 2513; x_wconf 89' lang='lat' dir='ltr'>non</span> <span class='ocrx_word' id='word_1_645' title='bbox 612 2479 696 2513; x_wconf 80' lang='lat' dir='ltr'>fuisse</span> <span class='ocrx_word' id='word_1_646' title='bbox 704 2494 714 2518; x_wconf 83' lang='lat'>;</span> <span class='ocrx_word' id='word_1_647' title='bbox 723 2492 801 2524; x_wconf 81' lang='lat' dir='ltr'>opus</span> <span class='ocrx_word' id='word_1_648' title='bbox 810 2491 871 2524; x_wconf 90' lang='lat' dir='ltr'>quo</span> <span class='ocrx_word' id='word_1_649' title='bbox 897 2491 944 2517; x_wconf 78' lang='lat' dir='ltr'>ue,</span> <span class='ocrx_word' id='word_1_650' title='bbox 954 2479 1036 2522; x_wconf 90' lang='lat' dir='ltr'>quod</span> <span class='ocrx_word' id='word_1_651' title='bbox 1048 2489 1126 2511; x_wconf 90' lang='lat' dir='ltr'>nunc</span> <span class='ocrx_word' id='word_1_652' title='bbox 1135 2487 1198 2510; x_wconf 86' lang='lat' dir='ltr'>non</span> <span class='ocrx_word' id='word_1_653' title='bbox 1207 2477 1259 2513; x_wconf 86' lang='lat' dir='ltr'>est,</span> <span class='ocrx_word' id='word_1_654' title='bbox 1276 2489 1329 2510; x_wconf 88' lang='lat' dir='ltr'>nec</span> <span class='ocrx_word' id='word_1_655' title='bbox 1338 2479 1416 2519; x_wconf 85' lang='lat' dir='ltr'>prius</span> <span class='ocrx_word' id='word_1_656' title='bbox 1426 2477 1494 2517; x_wconf 86' lang='lat' dir='ltr'>fuit,</span> <span class='ocrx_word' id='word_1_657' title='bbox 1506 2476 1599 2522; x_wconf 82' lang='lat' dir='ltr'>posset</span> <span class='ocrx_word' id='word_1_658' title='bbox 1610 2490 1689 2511; x_wconf 89' lang='lat' dir='ltr'>nunc</span> <span class='ocrx_word' id='word_1_659' title='bbox 1696 2478 1764 2518; x_wconf 77' lang='lat' dir='ltr'>csse,</span> <span class='ocrx_word' id='word_1_660' title='bbox 1779 2484 1811 2510; x_wconf 80' lang='lat'>&amp;-</span> 
     </span>
     <span class='ocr_line' id='line_1_57' title="bbox 340 2491 1813 2570; baseline -0.005 -11"><span class='ocrx_word' id='word_1_661' title='bbox 340 2528 422 2570; x_wconf 86' lang='lat' dir='ltr'>ptius</span> <span class='ocrx_word' id='word_1_662' title='bbox 431 2524 523 2558; x_wconf 75' lang='lat' dir='ltr'>fuisse.</span> <span class='ocrx_word' id='word_1_663' title='bbox 545 2525 623 2558; x_wconf 86' lang='lat' dir='ltr'>Item</span> <span class='ocrx_word' id='word_1_664' title='bbox 634 2524 769 2558; x_wconf 81' lang='lat' dir='ltr'>Christus</span> <span class='ocrx_word' id='word_1_665' title='bbox 781 2491 992 2569; x_wconf 62' lang='lat' dir='ltr'>potestliabere</span> <span class='ocrx_word' id='word_1_666' title='bbox 1006 2526 1087 2557; x_wconf 56' lang='lat' dir='ltr'>athis</span> <span class='ocrx_word' id='word_1_667' title='bbox 1096 2521 1340 2567; x_wconf 77' lang='lat' dir='ltr'>cognoscendi&amp;</span> <span class='ocrx_word' id='word_1_668' title='bbox 1350 2522 1470 2556; x_wconf 83' lang='lat' dir='ltr'>volendi</span> <span class='ocrx_word' id='word_1_669' title='bbox 1481 2523 1585 2556; x_wconf 82' lang='lat' dir='ltr'>similes</span> <span class='ocrx_word' id='word_1_670' title='bbox 1594 2524 1705 2556; x_wconf 63' lang='lat' dir='ltr'>actibus</span> <span class='ocrx_word' id='word_1_671' title='bbox 1714 2524 1813 2556; x_wconf 88' lang='lat' dir='ltr'>homi.</span> 
     </span>
     <span class='ocr_line' id='line_1_58' title="bbox 339 2566 1813 2613; baseline -0.002 -8"><span class='ocrx_word' id='word_1_672' title='bbox 339 2582 412 2605; x_wconf 89' lang='lat' dir='ltr'>num</span> <span class='ocrx_word' id='word_1_673' title='bbox 423 2582 597 2604; x_wconf 78' lang='lat' dir='ltr'>caetetorum</span> <span class='ocrx_word' id='word_1_674' title='bbox 607 2571 684 2603; x_wconf 84' lang='lat' dir='ltr'>circa</span> <span class='ocrx_word' id='word_1_675' title='bbox 693 2571 843 2612; x_wconf 74' lang='lat' dir='ltr'>pra-sentia</span> <span class='ocrx_word' id='word_1_676' title='bbox 853 2576 883 2603; x_wconf 73' lang='lat'>3&lt;</span> <span class='ocrx_word' id='word_1_677' title='bbox 893 2571 1036 2613; x_wconf 78' lang='lat' dir='ltr'>praeterita</span> <span class='ocrx_word' id='word_1_678' title='bbox 1045 2583 1056 2607; x_wconf 61' lang='grc' dir='ltr'><strong>ς</strong></span> <span class='ocrx_word' id='word_1_679' title='bbox 1065 2580 1156 2613; x_wconf 87' lang='lat' dir='ltr'>quare</span> <span class='ocrx_word' id='word_1_680' title='bbox 1165 2568 1194 2602; x_wconf 71' lang='grc' dir='ltr'>ὃ(</span> <span class='ocrx_word' id='word_1_681' title='bbox 1203 2570 1277 2601; x_wconf 84' lang='lat' dir='ltr'>circa</span> <span class='ocrx_word' id='word_1_682' title='bbox 1287 2566 1452 2604; x_wconf 65' lang='lat' dir='ltr'>neccsslin‘a,</span> <span class='ocrx_word' id='word_1_683' title='bbox 1461 2573 1490 2600; x_wconf 77' lang='lat' dir='ltr'>Sc</span> <span class='ocrx_word' id='word_1_684' title='bbox 1500 2569 1575 2600; x_wconf 83' lang='lat' dir='ltr'>circa</span> <span class='ocrx_word' id='word_1_685' title='bbox 1583 2567 1680 2602; x_wconf 84' lang='lat' dir='ltr'>futura</span> <span class='ocrx_word' id='word_1_686' title='bbox 1690 2574 1794 2602; x_wconf 88' lang='lat' dir='ltr'>omnia</span> <span class='ocrx_word' id='word_1_687' title='bbox 1803 2579 1813 2603; x_wconf 68' lang='grc' dir='ltr'>ι</span> 
     </span>
     <span class='ocr_line' id='line_1_59' title="bbox 339 2612 1815 2660; baseline -0.001 -13"><span class='ocrx_word' id='word_1_688' title='bbox 339 2627 431 2658; x_wconf 78' lang='lat' dir='ltr'>quare</span> <span class='ocrx_word' id='word_1_689' title='bbox 441 2617 471 2650; x_wconf 70' lang='grc' dir='ltr'>ὃ(</span> <span class='ocrx_word' id='word_1_690' title='bbox 480 2618 555 2649; x_wconf 79' lang='lat' dir='ltr'>circa</span> <span class='ocrx_word' id='word_1_691' title='bbox 565 2617 770 2660; x_wconf 81' lang='lat' dir='ltr'>contingentia</span> <span class='ocrx_word' id='word_1_692' title='bbox 781 2617 924 2650; x_wconf 83' lang='lat' dir='ltr'>vniuetsa.</span> <span class='ocrx_word' id='word_1_693' title='bbox 951 2615 1093 2647; x_wconf 83' lang='lat' dir='ltr'>Praeterea</span> <span class='ocrx_word' id='word_1_694' title='bbox 1102 2625 1164 2645; x_wconf 90' lang='lat' dir='ltr'>non</span> <span class='ocrx_word' id='word_1_695' title='bbox 1175 2613 1291 2646; x_wconf 90' lang='lat' dir='ltr'>videtur</span> <span class='ocrx_word' id='word_1_696' title='bbox 1299 2612 1385 2657; x_wconf 74' lang='lat' dir='ltr'>quod</span> <span class='ocrx_word' id='word_1_697' title='bbox 1401 2613 1480 2646; x_wconf 89' lang='lat' dir='ltr'>idem</span> <span class='ocrx_word' id='word_1_698' title='bbox 1497 2614 1579 2646; x_wconf 57' lang='lat' dir='ltr'>:itlius</span> <span class='ocrx_word' id='word_1_699' title='bbox 1588 2626 1697 2647; x_wconf 79' lang='lat' dir='ltr'>creatus</span> <span class='ocrx_word' id='word_1_700' title='bbox 1707 2618 1815 2657; x_wconf 83' lang='lat' dir='ltr'>cogni-</span> 
     </span>
     <span class='ocr_line' id='line_1_60' title="bbox 341 2656 1816 2704; baseline -0.001 -11"><span class='ocrx_word' id='word_1_701' title='bbox 341 2672 421 2694; x_wconf 89' lang='lat' dir='ltr'>tiuus</span> <span class='ocrx_word' id='word_1_702' title='bbox 431 2673 479 2693; x_wconf 80' lang='lat' dir='ltr'>aut</span> <span class='ocrx_word' id='word_1_703' title='bbox 491 2662 644 2695; x_wconf 86' lang='lat' dir='ltr'>volutiuus</span> <span class='ocrx_word' id='word_1_704' title='bbox 651 2663 745 2704; x_wconf 77' lang='lat' dir='ltr'>posset</span> <span class='ocrx_word' id='word_1_705' title='bbox 754 2661 927 2694; x_wconf 74' lang='lat' dir='ltr'>immediate</span> <span class='ocrx_word' id='word_1_706' title='bbox 938 2665 967 2695; x_wconf 73' lang='lat' dir='ltr'>St</span> <span class='ocrx_word' id='word_1_707' title='bbox 976 2671 1027 2703; x_wconf 88' lang='lat' dir='ltr'>per</span> <span class='ocrx_word' id='word_1_708' title='bbox 1043 2658 1072 2691; x_wconf 90' lang='lat' dir='ltr'>se</span> <span class='ocrx_word' id='word_1_709' title='bbox 1089 2659 1182 2692; x_wconf 81' lang='lat' dir='ltr'>solum</span> <span class='ocrx_word' id='word_1_710' title='bbox 1194 2656 1310 2701; x_wconf 88' lang='lat' dir='ltr'>semper</span> <span class='ocrx_word' id='word_1_711' title='bbox 1317 2658 1424 2691; x_wconf 87' lang='lat' dir='ltr'>eodem</span> <span class='ocrx_word' id='word_1_712' title='bbox 1437 2659 1533 2692; x_wconf 91' lang='lat' dir='ltr'>modo</span> <span class='ocrx_word' id='word_1_713' title='bbox 1544 2662 1658 2703; x_wconf 82' lang='lat' dir='ltr'>penitus</span> <span class='ocrx_word' id='word_1_714' title='bbox 1670 2662 1695 2691; x_wconf 87' lang='lat' dir='ltr'>sc</span> <span class='ocrx_word' id='word_1_715' title='bbox 1705 2660 1816 2692; x_wconf 78' lang='lat' dir='ltr'>haben-</span> 
     </span>
     <span class='ocr_line' id='line_1_61' title="bbox 341 2701 1815 2747; baseline -0.002 -7"><span class='ocrx_word' id='word_1_716' title='bbox 341 2717 402 2740; x_wconf 86' lang='lat' dir='ltr'>tem</span> <span class='ocrx_word' id='word_1_717' title='bbox 411 2704 467 2739; x_wconf 74' lang='lat' dir='ltr'>ess‘e</span> <span class='ocrx_word' id='word_1_718' title='bbox 475 2705 559 2739; x_wconf 86' lang='lat' dir='ltr'>distin</span> <span class='ocrx_word' id='word_1_719' title='bbox 565 2705 708 2740; x_wconf 67' lang='lat' dir='ltr'>&amp;issimus</span> <span class='ocrx_word' id='word_1_720' title='bbox 717 2709 854 2739; x_wconf 90' lang='lat' dir='ltr'>omnium</span> <span class='ocrx_word' id='word_1_721' title='bbox 862 2706 1064 2740; x_wconf 85' lang='lat' dir='ltr'>diuersorum.</span> <span class='ocrx_word' id='word_1_722' title='bbox 1078 2701 1148 2737; x_wconf 83' lang='lat' dir='ltr'>ficut</span> <span class='ocrx_word' id='word_1_723' title='bbox 1156 2703 1285 2747; x_wconf 85' lang='lat' dir='ltr'>superius</span> <span class='ocrx_word' id='word_1_724' title='bbox 1293 2715 1397 2736; x_wconf 77' lang='lat' dir='ltr'>contr-1</span> <span class='ocrx_word' id='word_1_725' title='bbox 1405 2703 1624 2746; x_wconf 84' lang='lat' dir='ltr'>responsionem</span> <span class='ocrx_word' id='word_1_726' title='bbox 1642 2704 1765 2737; x_wconf 83' lang='lat' dir='ltr'>fimilcni</span> <span class='ocrx_word' id='word_1_727' title='bbox 1775 2704 1815 2737; x_wconf 89' lang='lat' dir='ltr'>est</span> 
     </span>
     <span class='ocr_line' id='line_1_62' title="bbox 343 2749 1816 2795; baseline -0.001 -12"><span class='ocrx_word' id='word_1_728' title='bbox 343 2761 484 2793; x_wconf 83' lang='lat' dir='ltr'>argutum</span> <span class='ocrx_word' id='word_1_729' title='bbox 503 2764 511 2783; x_wconf 87' lang='lat'>:</span> <span class='ocrx_word' id='word_1_730' title='bbox 527 2752 581 2785; x_wconf 84' lang='lat' dir='ltr'>alia</span> <span class='ocrx_word' id='word_1_731' title='bbox 590 2755 680 2784; x_wconf 83' lang='lat' dir='ltr'>etiam</span> <span class='ocrx_word' id='word_1_732' title='bbox 696 2762 874 2795; x_wconf 85' lang='lat' dir='ltr'>argumenta</span> <span class='ocrx_word' id='word_1_733' title='bbox 890 2762 994 2784; x_wconf 87' lang='lat' dir='ltr'>contra</span> <span class='ocrx_word' id='word_1_734' title='bbox 1010 2750 1089 2783; x_wconf 89' lang='lat' dir='ltr'>illam</span> <span class='ocrx_word' id='word_1_735' title='bbox 1107 2750 1268 2794; x_wconf 69' lang='lat' dir='ltr'>pugnantia</span> <span class='ocrx_word' id='word_1_736' title='bbox 1285 2749 1413 2782; x_wconf 88' lang='lat' dir='ltr'>militant</span> <span class='ocrx_word' id='word_1_737' title='bbox 1423 2761 1527 2782; x_wconf 82' lang='lat' dir='ltr'>contra</span> <span class='ocrx_word' id='word_1_738' title='bbox 1541 2749 1634 2783; x_wconf 81' lang='lat' dir='ltr'>istam.</span> <span class='ocrx_word' id='word_1_739' title='bbox 1657 2750 1731 2784; x_wconf 82' lang='lat' dir='ltr'>Item</span> <span class='ocrx_word' id='word_1_740' title='bbox 1746 2750 1816 2783; x_wconf 77' lang='lat' dir='ltr'>cum</span> 
     </span>
     <span class='ocr_line' id='line_1_63' title="bbox 345 2794 1817 2839; baseline 0 -12"><span class='ocrx_word' id='word_1_741' title='bbox 345 2796 487 2829; x_wconf 81' lang='lat' dir='ltr'>Christus</span> <span class='ocrx_word' id='word_1_742' title='bbox 496 2796 656 2830; x_wconf 86' lang='lat' dir='ltr'>secundum</span> <span class='ocrx_word' id='word_1_743' title='bbox 667 2796 837 2836; x_wconf 84' lang='lat' dir='ltr'>hominem,</span> <span class='ocrx_word' id='word_1_744' title='bbox 852 2797 964 2829; x_wconf 80' lang='lat' dir='ltr'>&amp;alius</span> <span class='ocrx_word' id='word_1_745' title='bbox 972 2807 1062 2839; x_wconf 76' lang='lat' dir='ltr'>purus</span> <span class='ocrx_word' id='word_1_746' title='bbox 1074 2795 1172 2828; x_wconf 82' lang='lat' dir='ltr'>homo</span> <span class='ocrx_word' id='word_1_747' title='bbox 1181 2794 1236 2826; x_wconf 90' lang='lat' dir='ltr'>fint</span> <span class='ocrx_word' id='word_1_748' title='bbox 1245 2795 1376 2827; x_wconf 87' lang='lat' dir='ltr'>eiusdem</span> <span class='ocrx_word' id='word_1_749' title='bbox 1387 2805 1508 2831; x_wconf 78' lang='lat' dir='ltr'>naturae,</span> <span class='ocrx_word' id='word_1_750' title='bbox 1523 2801 1553 2827; x_wconf 68' lang='grc' dir='ltr'>ὅ(</span> <span class='ocrx_word' id='word_1_751' title='bbox 1569 2794 1707 2828; x_wconf 80' lang='lat' dir='ltr'>Christus</span> <span class='ocrx_word' id='word_1_752' title='bbox 1716 2797 1817 2828; x_wconf 86' lang='lat' dir='ltr'>secun-</span> 
     </span>
     <span class='ocr_line' id='line_1_64' title="bbox 343 2838 1816 2889; baseline -0.003 -13"><span class='ocrx_word' id='word_1_753' title='bbox 343 2840 418 2876; x_wconf 84' lang='lat' dir='ltr'>dum</span> <span class='ocrx_word' id='word_1_754' title='bbox 426 2841 582 2876; x_wconf 86' lang='lat' dir='ltr'>hominem</span> <span class='ocrx_word' id='word_1_755' title='bbox 591 2843 630 2876; x_wconf 81' lang='lat' dir='ltr'>est</span> <span class='ocrx_word' id='word_1_756' title='bbox 639 2854 734 2889; x_wconf 85' lang='lat' dir='ltr'>capax</span> <span class='ocrx_word' id='word_1_757' title='bbox 742 2844 825 2877; x_wconf 66' lang='lat' dir='ltr'>astus</span> <span class='ocrx_word' id='word_1_758' title='bbox 834 2841 1006 2876; x_wconf 84' lang='lat' dir='ltr'>huiusmodi</span> <span class='ocrx_word' id='word_1_759' title='bbox 1023 2842 1184 2886; x_wconf 72' lang='lat' dir='ltr'>cognituri,</span> <span class='ocrx_word' id='word_1_760' title='bbox 1200 2844 1231 2876; x_wconf 77' lang='grc' dir='ltr'>δι</span> <span class='ocrx_word' id='word_1_761' title='bbox 1239 2838 1369 2873; x_wconf 78' lang='lat' dir='ltr'>similiter</span> <span class='ocrx_word' id='word_1_762' title='bbox 1378 2840 1509 2874; x_wconf 89' lang='lat' dir='ltr'>volutiui</span> <span class='ocrx_word' id='word_1_763' title='bbox 1524 2852 1534 2875; x_wconf 70' lang='lat' dir='ltr'>t</span> <span class='ocrx_word' id='word_1_764' title='bbox 1551 2840 1591 2873; x_wconf 88' lang='lat' dir='ltr'>est</span> <span class='ocrx_word' id='word_1_765' title='bbox 1607 2840 1714 2875; x_wconf 81' lang='lat' dir='ltr'>&amp;alius</span> <span class='ocrx_word' id='word_1_766' title='bbox 1726 2851 1816 2883; x_wconf 76' lang='lat' dir='ltr'>purus</span> 
     </span>
    </p>
   </div>
   <div class='ocr_carea' id='block_1_8' title="bbox 1701 2885 1817 2927">
    <p class='ocr_par' dir='ltr' id='par_1_8' title="bbox 1701 2885 1817 2927">
     <span class='ocr_line' id='line_1_65' title="bbox 1701 2885 1817 2927; baseline 0 -9"><span class='ocrx_word' id='word_1_767' title='bbox 1701 2885 1817 2927; x_wconf 86' lang='lat' dir='ltr'>hom0;</span> 
     </span>
    </p>
   </div>
  </div>
 </body>
</html>
