1985 3130
186 158 246 205 86
254 173 276 202 ι
780 149 946 199 ἹἹπωηιε
954 149 1237 201 Bradwardini
1650 153 1696 203 L
1711 175 1723 203 i
1739 176 1779 207 Β.
1797 179 1831 218 3.

113 249 129 288 Η
146 250 277 279 adhaerent
296 260 362 288 mo,
382 247 568 280 ”adhaerent
576 245 721 279 secundo.
747 244 823 277 Aliae
832 244 929 277 adhuc
939 246 1136 282 Autoritates,
1150 256 1216 288 quae
1231 243 1358 279 afferunt
1371 256 1534 279 creaturam
1546 259 1609 279 non
1618 248 1701 292 poffe
1717 248 1775 282 eise
1802 255 1831 286 A

298 305 479 327 coaeternam
490 293 643 329 Creatori,
659 290 778 335 poffurit
789 290 914 333 intelligi
929 292 1083 334 &exponi
1100 301 1131 322 vt
1147 291 1210 322 aliae
1217 290 1295 335 prius
1303 294 1396 325 taetae.
1415 292 1551 324 Eundem
1562 295 1775 328 etiamiiitcile-

299 342 381 373 stum
390 341 487 373 innuit
496 338 704 380 Hieronymus
714 333 955 374 manifestemin
963 334 1033 369 dicit
1048 337 1151 369 Deum
1166 348 1227 369 nori
1245 337 1328 380 poss'e
1342 337 1477 370 [iiscitare
1486 349 1630 380 Virginem
1641 341 1706 382 post
1717 352 1778 373 rui-

299 397 370 420 nam
386 399 394 417 ε
415 383 562 417 suscitatio
576 393 709 426 namque
723 381 875 415 euidenter
891 392 1033 425 importat
1042 382 1172 425 aliquem
1182 381 1336 414 transitum
1347 381 1383 415 de
1393 393 1455 415 vno
1464 382 1675 426 oppositorum
1685 397 1714 418 in
1725 387 1779 420 ali·

299 432 352 470 ud,
370 441 440 473 puta
449 429 486 463 de
497 440 594 461 morte
601 427 639 459 ad
651 430 751 464 vitam,
770 427 807 460 de
817 427 935 459 malicia
945 427 983 459 ad
995 426 1174 461 bonitatem,
1192 434 1222 460 8(
1237 428 1438 461 vniuetsaliter
1453 428 1489 461 de
1499 429 1698 473 qualicunque
1716 443 1778 464 nori

300 476 355 511 esse
364 477 399 510 ad
408 476 464 508 esic
474 473 664 518 oppofitum.
679 473 776 506 Simili
784 472 984 516 modopotest
1000 478 1030 505 sc
1046 471 1137 516 gloss'a
1155 472 1280 517 intelligi
1297 473 1382 518 super
1398 476 1512 511 Amos,
1526 485 1591 517 quae
1607 476 1677 508 dicit
1693 477 1779 520 qnod

300 525 388 565 virgo
397 533 463 566 quae
473 521 675 564 virginitatem
685 518 857 563 perdiderit,
875 520 1072 561 virginitatem
1086 520 1213 562 recipere
1229 530 1291 552 non
1302 519 1412 552 valebit
1426 532 1434 552 :
1452 520 1580 560 recipere
1590 531 1720 565 namque
1730 524 1780 554 ire-

299 579 365 601 rum
373 578 484 611 capere,
497 567 526 600 &1
534 565 588 598 :ilia
598 568 661 597 vice
668 575 786 607 capere,
797 565 877 597 &ita
888 566 1126 599 mutationem&
1135 565 1297 597 terminum
1306 565 1473 598 initiantem
1484 564 1627 608 deiignat.
1653 568 1709 600 Vel
1721 569 1779 599 ior-

300 615 350 646 san
360 613 496 656 intelligit
504 611 666 643 secundum
675 611 774 653 legem
784 609 919 642 statutam
932 620 940 643 ς
951 609 1125 642 immediate
1134 621 1263 652 namque
1272 608 1431 653 subiungit,
1447 611 1506 642 Vix
1517 611 1691 644 conceditur
1700 614 1738 647 ei.
1748 623 1781 646 vt

300 660 337 693 de
355 658 437 691 mille
451 657 551 690 redeat
568 656 606 687 ad
621 666 758 695 centurn,
778 661 808 688 ει
823 654 861 687 de
877 665 996 688 centum
1004 654 1040 687 ad
1050 655 1154 687 decem
1171 669 1182 694 3
1197 654 1282 698 quod
1291 655 1423 688 foi-taisis
1441 654 1663 701 deberintelligi
1675 659 1780 690 secun-

301 705 374 738 dum
385 705 563 747 dignitatern
573 706 603 736 &
612 702 752 734 ordinem
762 702 791 732 in
803 698 931 732 Ecclesia
941 700 1099 737 militante,
1116 711 1179 733 non
1195 700 1355 734 secundum
1367 703 1493 743 gratiam
1504 707 1534 734 &
1546 705 1698 736 meritum.
1726 705 1780 736 Se-

300 750 437 783 cundum
456 759 586 791 namque
595 749 656 780 iura
664 744 798 778 Ecclesiae
806 746 835 778 in
846 746 981 779 Decretis
990 746 1020 780 i&
1030 745 1236 778 Decretalibus
1245 745 1313 779 satis
1321 747 1454 788 vulgata,
1470 747 1500 778 in
1511 746 1706 783 ordinibus&
1716 748 1781 793 dig-

301 795 441 830 nitatibus
450 792 601 826 constituti
616 792 654 824 fic
670 789 791 835 possunt
809 801 939 832 peccare,
957 790 1042 834 quod
1052 790 1160 824 debent
1176 791 1322 829 deiiciaut
1336 790 1486 836 suspendi,
1500 794 1592 825 necin
1603 805 1780 838 perpetuum
1798 785 1818 818 Β

302 843 440 884 reparari,
458 839 546 871 sedin
558 836 772 871 staruinferiori
782 835 930 880 perpetuo
947 846 1100 870 remanere
1121 849 1128 869 :
1143 847 1237 868 omne
1247 847 1347 869 autem
1359 848 1512 881 peccatum
1530 839 1567 869 est
1582 839 1718 882 quaedam
1729 839 1783 872 de·

302 888 466 929 virginatio
478 909 485 922 ‚
504 883 682 920 defloratio,
708 893 799 926 atque
814 891 970 925 corruptio
987 884 1160 926 peccatoris.
1191 883 1229 915 Et
1242 883 1292 914 iste
1307 882 1438 916 similiter
1454 883 1618 916 intellestus
1635 883 1782 919 consonat

303 932 401 965 verbis
412 929 512 974 gloffae
529 941 537 964 3
553 930 695 968 aitenim,
712 928 799 961 Itafit
810 928 936 971 vtvirgo
947 925 1041 966 israel,
1057 938 1123 970 quae
1131 930 1285 967 errauerit,
1302 939 1364 961 non
1372 927 1481 961 habeat
1495 929 1693 968 suscitantem,
1711 932 1781 973 quia

301 989 353 1022 qui
362 977 449 1010 semel
459 975 496 1008 ab
505 985 619 1009 vnione
630 971 798 1010 discefferit,
813 979 844 1005 δε
862 974 1084 1017 virginitatem,
1104 984 1194 1017 quam
1204 984 1273 1006 cum
1290 985 1352 1007 vno
1367 975 1434 1006 viro
1450 972 1590 1011 habebat,
1607 975 1781 1018 perdiderit,

301 1024 459 1066 pristinum
474 1024 593 1056 statum,
611 1025 640 1055 &
655 1020 866 1063 virginitatem,
881 1019 911 1053 ὃ(
930 1019 1051 1050 vnionis
1068 1016 1286 1051 beatitudinem
1304 1021 1432 1063 recipere
1450 1030 1513 1052 non
1528 1018 1640 1052 valebit
1657 1032 1665 1054 ς
1683 1026 1712 1052 ὅ(
1731 1032 1782 1055 vix

302 1068 475 1102 conceditur
484 1069 521 1104 ei,
537 1076 569 1097 vr
578 1065 615 1097 de
624 1065 705 1097 mille
713 1064 811 1097 redeat
820 1063 857 1096 ad
873 1074 1007 1104 centurn,
1025 1064 1056 1098 ὅ(
1071 1062 1109 1095 de
1123 1074 1245 1097 centum
1254 1064 1290 1097 ad
1300 1063 1411 1098 decem.
1441 1065 1615 1098 Concordat
1624 1077 1712 1098 etiam
1722 1077 1785 1101 tex-

302 1116 467 1158 tuiquipro
475 1111 583 1145 eodem
593 1110 696 1147 habet,
713 1107 938 1142 domumlsrael
954 1108 1101 1145 cecidisse,
1117 1110 1147 1144 ἃ
1164 1111 1313 1153 virginem
1329 1109 1413 1143 Israel
1429 1107 1484 1142 effe
1499 1111 1665 1154 proieflam
1681 1113 1710 1145 in
1726 1122 1784 1144 ter-

301 1170 366 1192 ram
383 1174 394 1198 3
411 1171 476 1203 quae
485 1159 573 1190 etjam
582 1167 647 1189 non
658 1166 746 1199 negat
754 1155 922 1198 potentiam
940 1154 1110 1198 resurgendi
1124 1154 1161 1187 ad
1177 1154 1283 1188 statum
1300 1156 1461 1200 aequalem,
1474 1155 1520 1187 ied
1531 1157 1644 1195 austum,
1658 1156 1783 1200 gradum

301 1204 474 1238 inferiorem
483 1205 509 1236 ei
518 1202 669 1245 assignans
684 1215 692 1234 z
712 1200 792 1233 vnde
801 1198 837 1232 sic
847 1202 896 1237 ait,
914 1198 1252 1238 domuslstaelcecidit‚
1268 1211 1330 1233 non
1346 1200 1467 1237 adiiciet
1482 1208 1514 1232 vt
1524 1202 1655 1244 resurgat
1673 1214 1681 1236 ;
1698 1204 1785 1245 virgo

303 1250 387 1283 lsrael
398 1251 531 1294 proiecta
542 1248 619 1279 estin
629 1257 738 1279 terram
748 1245 845 1285 suam,
863 1256 927 1276 nori
937 1246 975 1277 est
983 1243 1157 1289 quisuscitet
1165 1256 1245 1282 eam,
1262 1247 1333 1287 quia
1348 1245 1411 1278 haec
1426 1245 1497 1278 dicit
1510 1246 1665 1280 Dominus
1682 1248 1783 1281 Deun

303 1294 383 1329 Vrbs
392 1296 496 1339 dequa
507 1291 734 1336 egrediebantur
744 1290 834 1328 mille,
850 1290 1057 1334 relinquentur
1071 1290 1101 1321 in
1117 1301 1152 1322 ea
1159 1301 1282 1324 centum
1299 1300 1308 1323 3
1325 1295 1356 1322 &
1365 1291 1403 1323 de
1410 1302 1467 1334 qua
1476 1291 1704 1334 egrediebantur
1718 1303 1786 1325 cen-

304 1352 381 1377 tum,
400 1340 641 1385 relinquenturin
652 1347 686 1368 ea
695 1336 810 1370 decem.
836 1336 933 1380 Super
950 1336 1033 1380 quod
1050 1335 1167 1374 Glossa,
1183 1337 1262 1369 Nori
1278 1347 1369 1379 negat
1385 1336 1468 1380 poffe
1477 1335 1637 1380 resurgere,
1652 1336 1700 1369 scd
1719 1349 1782 1370 nou
1796 1338 1825 1371 C

302 1385 434 1430 resurget
443 1388 530 1430 virgo
538 1384 635 1421 lsrael,
648 1385 720 1426 quia
730 1381 819 1414 semel
825 1381 964 1414 aberrans
982 1395 991 1420 ς
1009 1382 1039 1416 ἃ
1048 1381 1242 1424 fireportatur
1250 1380 1383 1414 humeris
1392 1383 1528 1425 pastoris,
1544 1393 1606 1415 non
1617 1381 1704 1415 habet
1714 1393 1784 1415 eari-

303 1431 373 1464 dem
383 1432 509 1476 gloriam
517 1429 656 1465 ciimillo,
673 1430 724 1472 qui
736 1437 893 1471 nunquam
911 1429 928 1458 a
945 1427 1016 1459 Deo
1025 1426 1173 1460 aberrauit
1190 1439 1198 1459 :
1216 1426 1296 1458 vnde
1305 1438 1357 1470 pei·
1371 1425 1568 1469 Propheiam,
1584 1427 1670 1460 Malo
1685 1430 1785 1471 potni-

117 1483 251 1524 sscompa·
304 1479 429 1510 tentiam
447 1477 612 1521 peccatoris
628 1475 724 1518 quam
741 1483 874 1505 mortem
890 1485 901 1510 ς
924 1473 1137 1515 poenitentiam
1153 1482 1217 1504 riori
1234 1470 1380 1505 sanetitati
1399 1471 1535 1505 Ecclefiae
1551 1471 1721 1516 “comparum
1735 1473 1786 1508 led

116 1534 184 1553 rans.
304 1522 390 1566 quod
399 1531 570 1565 comparata
578 1520 706 1554 morti&
716 1518 829 1557 inferis,
844 1517 950 1550 melior
961 1516 1005 1550 sit.
1033 1517 1083 1548 Ad
1094 1517 1207 1550 literam
1217 1518 1318 1554 etiam,
1333 1516 1415 1550 nulla
1433 1517 1564 1550 foemina
1579 1519 1680 1549 vitiata
1694 1520 1785 1552 etiam

303 1580 372 1602 ante
379 1567 522 1611 baptisma
531 1567 712 1611 potestinter
728 1565 788 1598 Dei
804 1566 933 1605 virgines
942 1561 1119 1600 consecrari,
1136 1563 1206 1595 reste
1220 1563 1392 1607 Augustino
1408 1563 1494 1606 super
1508 1563 1661 1605 epistolam
1673 1564 1710 1595 ad
1730 1564 1786 1597 Ti·

118 1608 283 1650 ‘Philosophus
304 1625 382 1651 tum,
395 1614 577 1657 &allegatur
586 1613 616 1644 in
628 1611 761 1644 Canone
770 1609 832 1642 dist.
842 1612 894 1641 26.
914 1609 1040 1642 Acutius
1054 1632 1063 1646 ‚
1090 1610 1136 1641 cui
1146 1613 1175 1641 δι
1185 1607 1374 1641 concordant
1382 1608 1437 1641 alia
1448 1610 1510 1640 iura
1521 1608 1624 1641 multa.
1648 1608 1702 1641 Pei·
1710 1621 1786 1653 prte-

304 1660 383 1692 diCta
394 1658 526 1692 similiter
534 1667 614 1701 patet
624 1655 792 1689 intellectus
802 1652 978 1698 Philoiophi
988 1660 1020 1686 6.
1035 1652 1104 1685 Eth.
1120 1654 1257 1691 dicentis,
1274 1653 1358 1698 quod
1367 1652 1479 1687 fastum
1488 1663 1551 1685 non
1561 1657 1709 1697 conringii
1721 1666 1784 1687 nou

304 1705 368 1739 fieti
381 1718 389 1735 ε
404 1705 540 1748 loquitur
554 1705 634 1736 enim
649 1702 690 1734 ibi
700 1700 738 1732 de
747 1697 921 1734 consiliabili
931 1704 960 1731 ὅ(
971 1698 1093 1742 eligibili
1109 1711 1160 1743 per
1177 1699 1276 1732 causas
1285 1701 1454 1738 inferiores,
1468 1697 1544 1742 piita‘
1557 1711 1607 1743 per
1624 1700 1783 1738 homine53

305 1751 437 1795 dicitque
446 1749 531 1793 quod
542 1748 637 1782 nullus
645 1747 724 1789 eligit
733 1745 860 1782 fastum,
875 1745 979 1777 scilicet
989 1754 1184 1789 praeteritum,
1195 1755 1266 1789 puta
1276 1745 1354 1778 Ilion
1362 1755 1480 1789 captam
1489 1743 1585 1784 fuiffe,
1598 1755 1653 1777 nec
1667 1744 1785 1778 coniili·

304 1807 370 1830 atur
386 1795 423 1829 de
439 1795 534 1833 facto,
551 1794 599 1825 sed
617 1793 655 1824 de
672 1791 776 1825 futuro
792 1798 822 1825 δι
841 1792 1044 1833 contingenti,
1065 1792 1133 1833 quia
1149 1790 1260 1824 factum
1280 1802 1343 1823 non
1361 1791 1509 1833 contingit
1523 1801 1586 1822 non
1596 1789 1657 1823 fieri
1677 1803 1684 1822 :
1702 1789 1785 1832 quod

306 1852 406 1875 totum
424 1840 613 1874 vniforrnirer
632 1838 663 1872 ὅ(
684 1837 884 1870 conformiter
905 1833 1050 1880 processui
1066 1836 1240 1879 intelligitur
1256 1835 1408 1868 manifeste
1427 1835 1463 1868 de
1479 1837 1613 1879 porentia
1631 1833 1783 1868 causarum

305 1886 511 1926 secundarum,
526 1883 818 1918 [cilicerhominum.
835 1888 866 1914 δι
876 1892 978 1914 verum
990 1882 1029 1913 est
1041 1881 1126 1924 qnod
1142 1893 1192 1926 per
1202 1883 1382 1925 potentiam,
1399 1879 1651 1917 consiliationem,
1665 1891 1715 1913 aut
1727 1881 1784 1914 ele·
1802 1887 1830 1920 ι)

306 1935 438 1966 aionem
449 1931 615 1964 humanam
626 1929 710 1973 quod
719 1927 831 1961 fastum
839 1928 889 1965 est,
904 1938 965 1960 non
975 1929 1125 1971 contingit
1141 1938 1204 1959 nori
1222 1928 1295 1963 fieri,
1314 1926 1362 1960 sed
1379 1926 1511 1958 futurum
1522 1927 1695 1970 contingens
1706 1937 1783 1958 cori-

307 1980 395 2021 tingit
404 1977 476 2015 fieri,
491 1977 537 2009 vel
546 1986 609 2008 non
620 1974 682 2007 fieri
692 1985 745 2017 per
752 1972 805 2005 has
816 1972 924 2005 causas.
953 1972 1095 2016 Intelligit
1103 1974 1193 2005 etiam
1203 1970 1524 2016 consequenter‚quod
1534 1974 1714 2014 praeterirum
1722 1983 1786 2005 non

307 2023 403 2066 potest
413 2033 476 2054 non
485 2019 551 2059 effe,
565 2019 613 2052 seu
626 2019 760 2052 fierinon
773 2019 954 2058 praeteritum
965 2019 1136 2061 potentia&
1151 2018 1284 2050 factione
1293 2017 1438 2052 mutabili,
1454 2015 1630 2051 initiabili&
1646 2017 1786 2050 termina-

307 2068 358 2101 bili
368 2063 664 2109 terminisoppofitis,
678 2062 751 2095 ficut
761 2061 837 2094 fiunt
845 2072 954 2094 omnes
963 2074 1024 2094 veri
1039 2063 1214 2106 propriique
1229 2061 1351 2095 effeetus
1361 2060 1450 2095 causae
1460 2063 1527 2094 vere
1541 2066 1570 2092 Sc
1581 2062 1702 2106 proprie
1714 2063 1786 2093 iaci·

308 2116 383 2146 eniis
399 2125 409 2147 ἱ
427 2112 506 2145 vnde
515 2118 545 2144 &
554 2111 676 2153 ipiemet
688 2119 716 2141 2.
727 2107 815 2152 Phys.
827 2117 877 2152 31.
900 2106 1049 2143 Medicus,
1060 2108 1166 2151 inquit,
1178 2114 1208 2139 δε
1218 2107 1387 2141 consiliam,
1405 2112 1436 2138 sc
1445 2105 1576 2137 omnino
1585 2105 1786 2141 faciens,om-

309 2171 362 2192 nes
372 2158 625 2200 suntprincipium
634 2155 810 2188 mutationis
820 2154 975 2185 aiitstatus.
1000 2153 1127 2184 Distum
1142 2162 1241 2184 autem
1258 2149 1349 2194 ipsius
1357 2150 1528 2193 Agathonis
1545 2150 1663 2181 videtur
1676 2151 1786 2183 calum-

127 2215 140 2253 ΙΙ
151 2213 235 2244 solum
309 2207 391 2236 niam
401 2203 502 2236 iustam
514 2203 574 2245 pati
591 2216 599 2232 ι
616 2211 678 2234 non
687 2200 766 2232 enim
777 2197 837 2229 hoc
847 2196 918 2238 ¹¹]an
927 2199 1012 2231 Deus
1020 2199 1166 2241 priuatur‚
1181 2199 1312 2240 ingenita
1319 2194 1415 2228 facete
1424 2207 1489 2239 quae
1500 2194 1563 2227 sunt
1573 2194 1662 2228 facta.
1684 2195 1787 2228 Priua-

310 2261 356 2283 rur
375 2258 506 2292 namque
522 2248 552 2280 ἃ
568 2247 632 2283 isto,
646 2245 683 2278 de
698 2242 832 2289 praescnti
849 2254 930 2275 nunc
946 2242 1043 2275 facere
1059 2241 1241 2275 mutabiliter
1256 2252 1337 2273 nunc
1352 2240 1381 2274 ὅ(
1399 2252 1454 2284 pro
1470 2251 1549 2273 nunc
1565 2252 1627 2272 non
1644 2239 1786 2285 praestns;

312 2296 349 2329 de
362 2293 463 2327 futuro
481 2302 579 2325 autem
593 2289 817 2323 exhibitionem
833 2291 873 2321 rei
890 2286 986 2320 facere
1000 2287 1181 2321 mutabiliter
1196 2297 1260 2320 non
1277 2288 1408 2319 suturam
1428 2301 1439 2326 3
1459 2286 1497 2318 de
1513 2297 1641 2319 numero
1660 2297 1788 2329 quatuor

312 2339 617 2374 contradistoriorum
641 2335 880 2377 contingentium
895 2332 993 2366 facere
1008 2334 1111 2365 omnia
1128 2331 1214 2364 simul
1232 2342 1301 2364 vera
1316 2342 1380 2374 quae
1395 2332 1517 2376 possunt
1534 2329 1588 2364 eise
1603 2331 1688 2363 {imni
1705 2343 1787 2370 vera,

313 2388 419 2428 &quae
435 2383 533 2426 potest
548 2381 642 2414 facere
658 2380 824 2413 fimulvera
839 2390 847 2412 3
865 2377 963 2411 facere
979 2380 1140 2411 maximam
1157 2378 1268 2410 lineam
1283 2376 1467 2417 circularem,
1483 2387 1530 2411 aut
1545 2378 1654 2410 recram
1672 2376 1787 2410 finitam

314 2430 487 2476 possibilem
504 2427 582 2467 fieri,
599 2425 751 2470 seuquam
767 2424 877 2468 potest,
893 2424 998 2461 facere,
1013 2422 1178 2462 inscribere,
1193 2423 1242 2455 vel
1250 2422 1488 2455 circumscribere
1496 2422 1608 2455 circulo
1624 2424 1788 2455 maximam
1802 2427 1825 2459 Ε

314 2477 362 2509 vel
379 2477 534 2507 minimam
551 2472 679 2516 figuram
688 2471 868 2506 restilineam
887 2480 895 2503 ς
912 2469 1006 2502 facere
1014 2469 1106 2501 alium
1116 2470 1229 2504 Deum.
1244 2475 1275 2501 sc
1293 2467 1365 2499 deos
1375 2467 1522 2505 infinitos,
1540 2467 1571 2501 ὅ(
1590 2466 1789 2501 vniuersaliter

315 2522 389 2556 nihil
405 2520 489 2564 quod
510 2517 782 2550 contradifflonem
806 2513 967 2548 neceffario
988 2514 1123 2557 implicat
1137 2537 1146 2551 ‚
1166 2514 1259 2557 potest
1283 2514 1376 2546 Deus.
1404 2514 1492 2547 Dicet
1505 2513 1644 2557 quisnam
1661 2512 1789 2547 fortassis

316 2579 372 2611 pro
386 2564 567 2609 Agathone,
582 2562 667 2607 quod
684 2561 758 2595 nihil
772 2561 883 2593 horum
901 2562 940 2594 est
954 2559 1066 2603 aliquid
1084 2570 1092 2593 3
1107 2559 1137 2593 ὅ(
1152 2570 1211 2603 ego
1228 2569 1330 2591 contra
1345 2568 1505 2602 virumque
1521 2572 1531 2598 3
1547 2569 1623 2601 ergo
1639 2569 1693 2591 nec
1708 2560 1791 2601 inge-

317 2615 378 2646 nita
396 2611 489 2643 facere
505 2622 568 2653 quae
584 2612 650 2641 {unt
671 2607 760 2640 fasta.
789 2605 906 2639 Veriim
927 2617 965 2637 ne
986 2604 1182 2649 Agathonem
1200 2616 1263 2636 non
1278 2604 1355 2637 reste
1370 2603 1489 2642 dixisse‚
1510 2614 1601 2648 quem
1617 2603 1792 2636 Aristoteles

317 2658 396 2690 reste
415 2656 514 2689 dixisse
531 2655 666 2688 testatur.
683 2652 784 2685 videar
799 2651 897 2684 dicere
912 2650 1010 2684 minus
1026 2651 1106 2683 recle
1123 2664 1134 2688 3
1148 2650 1218 2681 dico
1233 2648 1317 2693 quod
1332 2648 1368 2681 ad
1383 2650 1498 2682 literam
1514 2650 1591 2683 reike
1605 2648 1679 2681 dixit
1697 2661 1704 2681 :
1723 2649 1792 2681 dicit

318 2705 397 2735 enim
406 2702 508 2734 Deum
519 2701 627 2743 priuari
637 2696 810 2731 huiusmodi
820 2694 929 2733 facere,
946 2695 994 2728 sed
1005 2708 1068 2729 non
1078 2696 1214 2740 potentia
1224 2694 1351 2727 faciendi
1368 2708 1382 2732 ς
1400 2695 1430 2729 ὅ(
1444 2705 1547 2728 verum
1559 2693 1611 2733 est,
1626 2700 1655 2727 8(
1668 2690 1792 2727 necem-

319 2750 396 2779 rium
414 2747 473 2785 est,
497 2744 596 2778 Dirum
615 2754 802 2788 nequaquam
821 2743 951 2785 ingenita
965 2740 1060 2776 facere
1075 2752 1140 2784 qua:
1156 2739 1221 2773 sunt
1236 2740 1330 2778 fasta,
1354 2739 1434 2782 quod
1448 2751 1548 2773 tamen
1565 2738 1624 2772 hoc
1642 2750 1702 2772 non
1726 2736 1793 2782 poi:

321 2791 368 2828 sit,
387 2803 447 2824 non
463 2791 544 2824 dicit.
570 2791 668 2823 Potest
684 2791 774 2821 etiarn
789 2788 915 2831 intelligi
933 2794 962 2820 δι
977 2790 1089 2832 exponi
1100 2785 1185 2830 quod
1203 2787 1288 2819 Deus
1307 2784 1367 2816 hoc
1383 2795 1443 2818 non
1455 2785 1552 2827 potest
1567 2796 1618 2827 per
1628 2793 1792 2828 potentiam

321 2843 353 2871 ει
362 2839 513 2871 astionem
523 2836 673 2870 causarum
683 2834 864 2869 naturalium
875 2833 1084 2869 &inferiorum
1095 2855 1105 2870 ,
1130 2830 1200 2865 sicut
1214 2830 1310 2876 potest
1321 2830 1416 2864 facere
1425 2831 1547 2865 effeetus
1557 2830 1686 2868 futuros,
1702 2839 1757 2862 nec
1766 2839 1794 2859 e-

1723 2883 1794 2907 tiam
