1985 3130
274 167 355 216 818
765 158 934 207 Thomae
954 154 1244 207 Bradwardini
1698 157 1737 207 L
1752 174 1768 206 ι
1786 177 1828 207 n.
1841 177 1878 224 3,

174 666 313 706 Anselmus.

182 1301 323 1338 Auselmus.

182 1463 319 1502 Anfitmus.

184 1941 306 1968 Lincolm'-

185 1991 212 2010 en
221 1991 245 2008 1!-

189 2307 307 2336 Lim-olui-

188 2349 251 2386 enfis.

339 265 418 289 terea
427 252 517 287 verba
527 250 611 285 sacrae
622 252 780 295 Scriptutae
790 250 1000 283 &Doctorum
1012 247 1186 291 accipienda
1193 245 1258 280 sunt
1268 246 1306 278 ad
1323 247 1451 279 modum
1462 249 1650 293 intelligendi
1664 250 1694 284 ὅ(
1703 250 1827 295 loquen-
1836 260 1868 290 A

341 301 372 334 di
381 296 497 332 solitum
508 299 757 336 &communem,
781 294 1078 328 sicuteratostensum
1094 292 1327 338 quadragesimo
1335 294 1446 338 quinto
1458 296 1544 334 primi
1563 309 1572 328 ς
1589 305 1652 328 non
1669 296 1709 328 est
1726 308 1827 332 autem

342 345 454 379 modus
464 343 649 387 intelligendi
659 342 864 385 autloquendi
881 341 982 376 solitus
993 347 1022 374 sc
1031 340 1205 372 communis
1217 362 1226 376 ,
1237 337 1286 372 sed
1295 338 1524 372 valdeinsolitus
1537 342 1568 375 ὅ(
1585 341 1712 374 multum
1728 354 1827 378 extra-

344 403 430 429 neus,
439 397 470 423 8(
480 400 530 421 Vix
539 391 615 421 inter
623 388 743 421 fallaces
752 386 902 431 Sophistas
912 385 1170 425 admistus,dicete
1184 387 1287 418 Deum
1302 385 1424 417 statuere
1432 383 1478 418 seu
1489 386 1612 418 statu.sse
1621 412 1631 425 ,
1651 388 1773 422 voluisse
1781 388 1827 423 seu

343 434 654 470 velleimmutabiliter
664 435 827 479 quicquam
837 432 902 464 sore
913 431 1015 476 ,quod
1029 430 1087 464 sine
1105 432 1274 464 mutatione
1292 441 1470 473 quacunque
1484 432 1579 476 potest
1596 443 1749 476 nunquam
1766 434 1828 469 boc

346 479 472 515 statuisse
481 480 671 517 autvoluiffe,
687 490 742 511 nec
753 489 833 511 nunc
842 480 965 510 statuere
974 477 1036 509 hoc
1045 476 1193 512 autvelle3
1205 477 1272 509 Imo
1285 482 1314 508 sc
1324 473 1480 509 consuetus
1497 478 1706 512 &communis
1715 480 1827 514 modus

345 527 530 570 intelligendi
541 533 571 559 Sc
580 524 729 570 loquendi
738 524 891 558 videturin
901 523 1004 556 talibus
1015 533 1070 568 pro
1078 522 1187 555 eodem
1197 520 1305 554 habete
1315 521 1553 563 immutabiliter,
1568 528 1597 558 δι
1607 534 1669 554 non
1680 525 1760 568 posse
1776 527 1829 560 211.

346 584 388 606 ter
397 571 691 611 &necessario,&ea
701 569 907 603 conuertibilia
916 580 1064 613 reputarc3
1081 574 1207 612 quare&
1217 568 1369 600 Doctores
1386 566 1555 602 Parisienses
1565 570 1768 603 necessitatem
1786 571 1829 604 se-

347 629 489 662 quentem
500 615 893 662 praedierammecessitatem
904 611 1588 658 immutabilitatis&immobilitatisappellant.
1609 616 1702 648 Vnde
1718 623 1748 649 ὅς
1764 618 1832 650 An-

347 665 489 698 selmusa..
500 664 565 696 Cur
573 663 656 696 Deus
666 662 764 695 homo
776 672 823 702 17.
832 659 912 704 quasi
921 672 973 703 per
982 671 1093 696 totum,
1105 658 1194 692 habet
1203 670 1260 703 pro
1269 657 1375 691 eodem
1385 658 1415 692 ὅ(
1426 660 1592 702 promiscue
1607 662 1713 703 accipit
1721 663 1830 696 immu-

348 709 476 744 tabiliter
486 707 541 742 esse
550 708 595 741 vel
609 708 673 741 sore
684 733 691 745 ,
719 715 750 742 ὅ(
766 718 829 739 non
846 706 945 750 polle,
970 717 1030 738 non
1045 706 1100 738 effe
1111 729 1120 744 ‚
1143 705 1191 737 vel
1207 705 1289 742 fore,
1316 711 1351 737 δι,
1363 701 1522 738 necessario
1536 704 1591 738 esse
1608 706 1655 738 vel
1665 707 1729 740 sore
1752 722 1762 746 3
1778 708 1831 741 vbi

349 756 380 790 &
395 755 474 787 hanc
490 754 689 787 necessitatem
705 753 732 786 sc
757 763 876 786 uentem
893 751 1086 796 spontaneam
1096 749 1221 783 asserens
1231 761 1283 795 per
1293 748 1419 782 modurn
1429 749 1540 795 dialogi
1558 753 1632 786 inter
1648 752 1829 787 Aiiselmum

350 801 537 834 &Bosonem
549 800 586 831 de
597 798 721 832 Christo
732 765 875 832 sicscribit
892 812 901 835 3
917 797 1179 841 Qoniamcidcm
1190 793 1336 829 subiacent
1352 796 1479 833 rationi,
1504 797 1693 830 scilicetmori
1710 800 1739 834 ὅ(
1759 801 1831 833 velle
1850 805 1873 838 B

351 845 776 889 mori,vtrumquevidetutin
793 845 844 876 illo
860 845 1027 876 necess-itate
1043 840 1134 874 luisse.
1156 843 1196 873 A.
1208 843 1286 884 Quis
1302 844 1328 873 se
1343 841 1448 885 sponte
1465 843 1560 876 voluit
1577 843 1733 876 hominem
1753 848 1832 878 sace-

351 905 392 929 re,
406 890 735 926 vteademimmutabili
745 889 897 923 voluntate
913 899 1096 924 moreretur,
1122 888 1151 923 ὅ(
1167 898 1218 930 per
1235 887 1322 920 huius
1338 885 1428 919 fidem
1444 888 1624 922 certitudinis
1642 891 1728 934 virgo
1747 902 1834 925 mun-

353 938 499 974 daficret,
516 937 553 969 de
562 948 621 981 qua
632 935 786 970 homoille
801 935 993 968 assumeretur
1010 941 1020 966 ἓ
1045 934 1078 966 Β.
1097 934 1199 969 Deus,
1218 932 1294 966 filius
1309 934 1377 965 Dei.
1395 934 1435 965 A.
1457 934 1574 967 Nonne
1590 935 1676 978 supra
1693 939 1834 970 monstra-

353 995 418 1016 tum
429 986 487 1020 est,
511 984 593 1026 quod
613 983 672 1016 Dei
692 981 832 1015 voluntas
845 979 1050 1024 nullacogitiir
1063 977 1247 1018 necessuate,
1269 978 1317 1011 sed
1331 977 1652 1022 ipsasespontancalua
1662 980 1755 1014 seruat
1776 994 1833 1015 iin-

351 1028 568 1064 mutabilitate,
585 1028 708 1072 quando
717 1027 830 1071 aliquid
838 1026 944 1058 dicitur
952 1024 1123 1059 necessitate
1132 1023 1223 1057 facere
1241 1031 1249 1056 ἓ
1267 1025 1302 1058 Β.
1320 1024 1388 1056 vere
1403 1025 1601 1058 monstratum
1613 1028 1650 1058 est
1666 1040 1676 1064 3
1695 1028 1740 1059 led
1752 1028 1834 1061 vide.

352 1086 418 1107 mus
433 1077 448 1108 ἐ
465 1084 568 1107 contra
583 1087 593 1112 3
611 1075 676 1118 quia
692 1075 777 1118 quod
793 1074 875 1105 Deus
896 1071 1122 1104 immutabiliter
1138 1070 1218 1106 vult,
1242 1082 1305 1103 non
1322 1070 1415 1113 potest
1432 1081 1495 1103 non
1512 1069 1584 1107 esse,
1607 1074 1652 1104 scii
1668 1071 1778 1105 necesse
1794 1074 1835 1106 est

354 1118 428 1152 esse:
452 1122 655 1164 Quapropter
671 1118 689 1150 si
704 1119 889 1152 Deusvoluit
907 1128 939 1150 vt
950 1117 1046 1149 honio
1057 1117 1104 1149 ille
1116 1127 1301 1154 moreretur,
1324 1126 1384 1148 tion
1399 1118 1498 1159 potuit
1513 1128 1574 1149 tion
1591 1128 1677 1149 mori.
1705 1125 1786 1150 A-ex
1797 1131 1835 1151 co

358 1168 431 1210 quia
451 1166 530 1199 filius
546 1166 607 1198 Dei
623 1163 774 1208 assumpsit
789 1163 944 1196 hominem
959 1175 993 1196 eii
1010 1162 1169 1195 voluntate
1184 1172 1215 1195 vt
1233 1172 1415 1200 moreretur,
1444 1160 1576 1205 probans
1592 1163 1719 1195 eundem
1737 1163 1836 1197 horni-

357 1223 427 1244 nem
439 1209 636 1254 nonporuisse
650 1222 712 1243 non
721 1210 811 1243 moti.
829 1210 867 1242 B.
887 1210 925 1241 ita
940 1207 1085 1252 intelligo.
1106 1208 1144 1240 A.
1163 1206 1279 1239 Annon
1299 1207 1428 1240 similiter
1447 1210 1581 1251 apparuit
1597 1220 1632 1242 ex
1648 1207 1695 1240 liis
1711 1221 1776 1251 qiiae
1793 1211 1838 1244 di-

356 1259 487 1295 statum,
505 1257 598 1290 filium
609 1253 1155 1298 Dei&assumptumhominemvnarn
1163 1250 1219 1285 esse
1229 1254 1399 1296 personam,
1415 1263 1447 1285 Vt
1460 1253 1540 1285 ide-m
1551 1252 1583 1284 fit
1599 1256 1718 1287 Deus&
1738 1254 1836 1289 homo

356 1301 433 1336 filius
444 1303 516 1342 Dei,
527 1310 556 1336 8<
567 1302 644 1335 silius
653 1302 776 1345 virginis
787 1309 795 1332 .>
807 1302 840 1333 B.
850 1298 888 1332 sic
899 1302 948 1333 est.
959 1300 999 1333 A.
1011 1299 1093 1332 Idem
1103 1301 1189 1343 igitur
1199 1297 1296 1330 homo
1305 1297 1352 1331 sua
1359 1297 1514 1331 voluntate
1524 1310 1585 1330 non
1596 1300 1692 1343 potuit
1705 1311 1765 1332 non
1775 1313 1838 1334 mc—

356 1350 428 1386 ri,&
439 1359 575 1381 mortuus
586 1348 634 1380 est.
662 1348 697 1380 B.
713 1357 821 1390 negare
830 1357 961 1390 nequeo.
995 1348 1055 1387 Qu
1067 1352 1095 1379 Sc
1107 1343 1181 1378 infra
1189 1343 1299 1376 eodem
1309 1344 1477 1388 vultplaiie,
1492 1344 1577 1388 quod
1594 1350 1614 1376 11
1631 1346 1716 1377 Deus
1726 1357 1836 1390 piopo-
1850 1346 1881 1379 C

357 1396 400 1427 nit
408 1394 521 1438 aliquid
530 1393 757 1426 immutabiliter
767 1392 791 1426 sc
800 1392 960 1428 facturum,
970 1391 1043 1422 illud
1053 1387 1208 1424 necessario
1217 1391 1304 1422 faciet
1315 1413 1322 1425 ,
1340 1399 1511 1422 nontamen
1521 1388 1693 1423 necessitate
1704 1393 1837 1427 violenta

356 1450 407 1472 aut
417 1442 578 1476 contraria,
588 1439 635 1472 sed
645 1442 840 1472 consentanea
849 1437 975 1470 libertati
991 1451 1002 1476 3
1018 1436 1102 1480 quod
1112 1443 1142 1470 sc
1152 1435 1251 1468 adhuc
1259 1435 1379 1468 inferius
1387 1436 1417 1467 in
1426 1435 1535 1468 eodem
1545 1446 1596 1479 pet
1614 1436 1835 1471 distinctionem

356 1485 394 1517 de
403 1487 572 1518 necessitate
585 1483 720 1528 superius
728 1494 880 1517 recitatam
888 1482 1188 1516 elucidatorserenat.
1203 1481 1352 1525 Qi&de
1370 1481 1529 1513 concord.
1546 1491 1576 1525 3.
1595 1484 1674 1524 Qiae
1690 1492 1838 1526 tempore,

355 1532 462 1574 inquit,
472 1541 618 1574 praeterlta
629 1529 737 1563 suntad
746 1529 968 1562 similitudinem
980 1526 1242 1571 aeternipraeseiitis,
1251 1527 1381 1558 omnino
1397 1526 1593 1560 immutabilia
1602 1530 1683 1564 sunt3
1694 1539 1722 1559 iti
1733 1527 1792 1560 hoc
1804 1528 1839 1560 si-

356 1576 480 1620 quidem
489 1587 584 1620 magis
592 1575 696 1609 similia
703 1575 768 1608 sunt
777 1586 890 1607 aetcrno
900 1572 1036 1618 praesenti
1045 1572 1247 1617 temporaliter
1256 1574 1400 1616 praeterita
1410 1582 1502 1616 quam
1510 1572 1675 1616 praesentia‚
1692 1584 1838 1616 quoniam

356 1622 486 1666 quae'ibi,
494 1620 893 1657 scilicetinaeternitatesunt,
904 1630 1054 1664 nunquam
1062 1619 1182 1661 possunt
1192 1629 1255 1651 non
1264 1614 1478 1661 essepraesentia
1488 1642 1497 1654 ‚
1522 1618 1593 1650 ficut
1610 1620 1752 1661 temporis
1767 1631 1839 1662 prae-

358 1670 443 1701 teriia
458 1678 521 1700 non
541 1667 641 1701 valent
658 1678 794 1713 vnquam
811 1677 875 1698 non
890 1667 946 1699 effe
963 1666 1110 1709 praeterita
1127 1678 1137 1703 3
1153 1663 1308 1697 Praesentia
1322 1674 1394 1696 vcro
1412 1674 1548 1707 tempore
1563 1665 1666 1697 onmia
1681 1674 1745 1706 quae
1760 1676 1839 1698 tran-

359 1712 444 1745 seunt
459 1712 534 1745 fiunt
552 1723 615 1746 non
632 1712 805 1757 praesentia:
833 1716 862 1743 &
878 1712 952 1744 infra
970 1721 993 1753 4
1016 1710 1190 1742 immediate
1212 1709 1362 1752 subiungit
1377 1721 1385 1743 3
1412 1709 1482 1742 Hoc
1497 1721 1571 1753 ergo
1587 1708 1681 1742 modo
1696 1710 1838 1754 quicquid

360 1758 397 1791 de
413 1758 458 1790 his
474 1770 540 1802 qiiae
555 1757 648 1792 libero
665 1758 742 1791 fiunt
756 1757 897 1793 arbitrio,
931 1757 1011 1791 velut
1025 1754 1214 1789 necessarium
1241 1756 1327 1787 Sacra
1345 1755 1491 1798 Scriptura
1514 1757 1702 1798 pronuntiat,
1733 1755 1837 1788 secun-

362 1804 434 1835 dum
452 1805 645 1837 aeternitatem
664 1805 796 1848 loquitur
809 1804 841 1834 iri
865 1814 927 1846 qua
944 1802 1070 1844 praesens
1086 1802 1125 1833 est
1142 1811 1234 1834 omne
1250 1811 1353 1832 verum
1371 1824 1379 1837 ‚
1413 1801 1443 1835 ὅ(
1459 1812 1520 1834 noii
1535 1799 1586 1834 nisi
1605 1811 1707 1832 vetum
1725 1803 1835 1834 immu-

361 1849 500 1882 tabiliter.
547 1850 623 1881 Ecce
637 1849 799 1893 quomodo
821 1848 1022 1881 indifferenter
1044 1847 1151 1891 accipit
1168 1852 1197 1879 3<
1215 1845 1306 1878 habet
1327 1856 1381 1889 pto
1404 1846 1528 1884 eodem,
1557 1843 1611 1878 csse
1632 1846 1834 1886 immutabile,
1848 1856 1879 1888 D

361 1893 407 1927 seu
424 1893 648 1928 immutabiliter
670 1906 731 1929 nori
753 1895 833 1938 polle
849 1905 912 1925 non
935 1894 1008 1930 effe,
1047 1893 1078 1926 &
1099 1890 1310 1930 necessarium,
1346 1891 1392 1924 seu
1419 1893 1576 1925 necessario
1591 1903 1752 1935 quicquam
1768 1893 1837 1932 effe,

361 1942 534 1973 necessitate
550 1939 675 1979 scilicet,
700 1952 790 1984 quam
811 1940 920 1973 eisdem
942 1939 1014 1972 locis
1031 1940 1203 1982 sequentem
1225 1936 1372 1980 appellat,
1398 1936 1468 1970 ficut
1493 1939 1623 1980 superius
1637 1948 1698 1969 erat
1716 1941 1837 1971 tastum.

361 1988 470 2025 Quare
487 1986 516 2019 ὃ(
536 1984 686 2019 Robertus
704 1985 938 2023 Lincolniensis,
955 1986 1000 2017 De
1015 1983 1109 2016 libero
1123 1982 1263 2016 arbitrio.
1287 1992 1320 2024 4.
1336 1984 1465 2015 recitatis
1488 1981 1708 2015 Autoriraiibiis
1730 1983 1836 2025 Augu.

360 2031 425 2063 ssini'
443 2042 472 2074 5.
488 2029 574 2075 supet
589 2029 697 2064 Genes.
722 2041 771 2068 19.
786 2042 820 2063 ac
840 2030 906 2067 aliis
921 2029 969 2061 hic
988 2030 1096 2072 supra;
1125 2029 1155 2063 ἃ
1170 2028 1312 2061 vicesimo
1326 2030 1413 2060 tertio
1429 2030 1516 2070 primi
1531 2029 1702 2071 praemissis,
1724 2039 1774 2071 qui
1793 2031 1839 2060 di.

361 2087 431 2109 cunt
449 2077 552 2109 Deum
567 2076 794 2109 immutabiliter
808 2078 916 2109 cuneta
938 2075 1020 2114 scire,
1036 2077 1145 2121 quinto
1160 2075 1249 2117 capit.
1273 2072 1310 2105 fic
1326 2073 1494 2110 concludit,
1517 2074 1559 2106 Ex
1570 2072 1615 2105 his
1631 2073 1838 2107 autoriiatibus

361 2122 515 2154 euidenter
530 2133 612 2166 patet
624 2146 632 2160 ,
659 2121 744 2165 quod
761 2123 866 2155 omnia
882 2121 932 2153 scit
947 2121 1033 2152 Deus
1050 2122 1139 2153 vnico
1154 2117 1323 2152 indiuifibili
1339 2118 1522 2163 simplicique
1539 2120 1701 2162 conspectu
1717 2130 1838 2152 aeteina„

360 2168 444 2203 liter,
467 2170 600 2210 semper,
618 2169 633 2208 [
650 2166 797 2205 similiter,
813 2168 828 2208 ]
852 2164 1078 2199 immutabiliter
1094 2178 1102 2198 :
1127 2167 1328 2208 Qiapropter
1342 2164 1424 2207 quod
1441 2163 1492 2198 scit
1510 2175 1572 2196 non
1590 2166 1683 2207 potest
1699 2175 1728 2196 in
1744 2165 1838 2208 poste-

360 2223 427 2245 tum
444 2211 563 2245 nescire.
587 2213 625 2244 Et
639 2211 782 2257 sequitur,
812 2214 892 2255 Ergo
908 2213 993 2244 omni
1018 2211 1125 2244 eodem
1140 2211 1233 2243 modo
1248 2221 1308 2253 quo
1324 2209 1437 2241 necesse
1453 2210 1491 2241 cst
1509 2210 1608 2243 Deum
1626 2207 1695 2241 scire
1709 2221 1752 2242 res
1768 2221 1836 2243 curn

363 2259 447 2295 sunt,
471 2258 519 2291 vel
537 2269 605 2291 cum
630 2260 782 2299 praeieriiae
805 2257 887 2293 sunt,
920 2255 1030 2289 neccsse
1053 2258 1093 2289 est
1114 2267 1181 2289 eum
1205 2255 1273 2287 scire
1289 2255 1403 2288 easdem
1422 2266 1580 2298 antequam
1597 2253 1651 2288 sint
1667 2266 1675 2289 3
1693 2255 1748 2288 Sed
1766 2266 1836 2288 cum

363 2315 408 2336 res
423 2302 507 2339 sunt,
533 2303 581 2336 vel
602 2305 755 2345 praeteritae
772 2305 855 2339 sunt,
885 2301 975 2335 habet
993 2303 1053 2334 eius
1068 2302 1186 2335 scientia
1201 2300 1402 2334 necessitatem
1427 2300 1657 2345 consequentem
1673 2316 1683 2340 3
1714 2311 1787 2344 ergo
1806 2306 1837 2336 &

361 2347 488 2382 eandem
505 2348 704 2382 necessitatem
720 2348 809 2382 habet
825 2359 989 2392 antequam
1006 2358 1050 2379 res
1065 2349 1216 2380 eueniant.
1258 2347 1326 2386 Qui
1340 2353 1369 2379 δι
1384 2345 1459 2379 infra
1475 2352 1501 2378 6.
1511 2345 1618 2389 allegat
1635 2346 1837 2389 Augustiiium

361 2394 507 2427 dicentem
530 2393 615 2427 Ideas
630 2396 660 2426 iri
676 2396 765 2430 Deo,
792 2405 864 2437 quas
884 2394 915 2428 ὃ(
938 2393 1117 2436 exemplaria
1138 2392 1296 2430 nominat,
1319 2390 1374 2425 effi:
1390 2391 1590 2428 immortales,
1619 2392 1836 2428 immutabilem

360 2437 567 2477 inuariabiles‚
590 2450 712 2472 aeternas
729 2445 758 2471 &c
775 2438 974 2481 infatigabiles
991 2452 998 2470 ε
1023 2439 1115 2471 Vnde
1132 2445 1162 2472 8(
1183 2436 1351 2474 concludit,
1375 2437 1421 2469 Ex
1435 2436 1481 2469 his
1498 2448 1631 2480 patenter
1645 2436 1771 2470 habetur
1784 2448 1835 2470 ex-
1849 2449 1874 2481 13

361 2484 501 2527 cmplaria
511 2482 567 2516 esse
577 2484 731 2517 necessaria
751 2499 761 2523 3
785 2485 874 2517 Sacra
890 2485 981 2527 igitur
1006 2485 1156 2528 Scriptura
1169 2506 1176 2519 ‚
1202 2482 1313 2515 Gioffae
1326 2506 1335 2519 ,
1365 2488 1395 2515 δι
1418 2483 1569 2515 Doctores
1585 2482 1714 2516 dicentee
1736 2484 1837 2515 Deiim

360 2528 593 2563 immutabiliter,
617 2529 914 2566 incommutabiliter,
930 2529 1164 2562 &immobiliter
1179 2527 1260 2566 scire,
1277 2527 1363 2566 velle,
1379 2529 1514 2568 statuere,
1532 2529 1562 2562 ὃ(
1578 2538 1680 2560 caerera
1697 2527 1778 2564 talia.
1792 2530 1839 2561 in-

362 2575 499 2618 telligunt
513 2574 601 2618 quod
617 2586 680 2608 non
696 2577 735 2609 est
751 2574 889 2620 possibile
902 2575 1005 2613 aliter,
1038 2576 1067 2609 ὅ(
1081 2574 1164 2618 quod
1181 2572 1340 2606 necessario
1356 2577 1396 2604 ita
1411 2572 1492 2610 facit,
1508 2572 1678 2608 necessario,
1693 2584 1816 2616 inquam
1828 2597 1836 2609 ,

363 2618 534 2653 necessitate
567 2617 707 2663 sequente
739 2621 890 2666 praedista.
934 2620 1046 2664 Neque
1074 2631 1128 2662 pro
1150 2621 1278 2651 minimo
1305 2619 1544 2660 computandum
1575 2617 1660 2661 quod
1693 2618 1841 2651 [robertus

364 2664 605 2704 Lincolni'enfis,
645 2666 772 2699 Sanetus
790 2665 953 2702 Thomas,
993 2671 1023 2700 &
1046 2666 1095 2702 alii
1120 2667 1270 2698 Dostores
1293 2662 1482 2700 Patifienses,
1511 2665 1688 2696 opinionem
1706 2663 1774 2696 huic
1791 2675 1841 2695 ne-

364 2712 489 2743 cessuati
504 2713 684 2743 contrariam
696 2737 705 2750 ,
737 2716 767 2746 δι
782 2710 959 2754 hypothesin
976 2711 1166 2754 principalem
1184 2709 1234 2742 sub
1251 2711 1373 2753 propria
1394 2709 1493 2742 forma
1516 2707 1563 2742 sua
1587 2708 1778 2742 concorditer
1798 2720 1842 2741 rc-

364 2756 477 2793 citant,
511 2755 691 2798 reprobant,
723 2764 755 2791 &
771 2757 975 2789 condemnarit
989 2781 999 2796 ,
1028 2755 1100 2788 sicut
1122 2753 1283 2798 praehabita
1303 2754 1514 2798 aliquantulum
1537 2755 1692 2787 recitarunt
1715 2768 1725 2793 3
1758 2755 1842 2793 Qua.

364 2812 396 2833 re
425 2799 504 2834 haud
537 2801 627 2834 dubie
659 2802 881 2846 responsionem
912 2802 996 2833 istam
1022 2800 1184 2833 secundum
1209 2800 1286 2832 hanc
1312 2802 1515 2833 necessitatem
1540 2800 1711 2843 sequentem
1731 2811 1842 2843 appro-

364 2843 438 2881 bant
454 2848 485 2883 ὀι
499 2845 664 2889 affirmant,
693 2848 762 2881 cum
778 2859 843 2883 non
859 2846 893 2880 sit
909 2845 1049 2892 possibile
1068 2844 1214 2891 assignare
1227 2844 1403 2879 rationabile
1417 2845 1549 2879 medium
1559 2847 1633 2879 inter
1653 2846 1739 2883 istas,
1771 2843 1842 2878 ficut

1682 2890 1844 2934 [capitula]
