1985 3130
107 176 314 224 (ΞΜ-,8.
782 173 859 223 De
880 174 999 239 Causa
1017 174 1121 225 Dei.
1685 188 1773 246 673

122 273 152 305 A
166 268 284 313 plenius
292 268 470 309 memorata)
489 267 629 300 homines
640 268 656 300 a
674 266 808 312 luperbia
822 278 977 301 reuocaret
988 269 1017 304 δι
1033 270 1062 302 in
1080 268 1250 303 humilitate
1261 270 1414 312 fundaret,
1431 270 1501 305 ficut
1517 275 1664 318 principa-

165 316 233 348 liter
241 313 428 352 intendebat,
441 326 473 346 vr
488 314 568 347 idem
577 312 750 347 vicefimum
760 317 877 347 tertium
887 315 1053 348 manifestat
1063 323 1071 346 Ξ
1090 315 1163 349 lino
1173 316 1193 347 fi
1201 316 1238 349 fic
1245 317 1327 356 effer,
1344 328 1404 350 non
1416 317 1475 350 hoc
1486 319 1532 352 sed
1542 331 1662 353 contra-

164 362 242 393 rium
251 364 371 393 iaceret.
402 360 551 404 Magnam
559 361 642 393 enim
650 357 810 393 occasione
820 358 1011 403 superbiendi
1024 360 1108 394 daret
1118 361 1308 400 hominibus,
1321 363 1341 395 fi
1352 374 1404 396 eos
1413 375 1528 396 tantum
1538 366 1661 398 extolle-

164 418 208 441 ret
218 409 304 449 super
313 406 416 438 Deum
428 430 438 443 ,
454 417 485 438 vt
493 406 635 439 voluntas
645 405 836 440 eius&a&io
847 402 937 438 ess'ent
945 417 975 439 in
984 416 1089 439 eorum
1100 407 1192 441 libera
1202 408 1348 452 potestate
1366 419 1375 442 ὅ
1390 408 1524 453 Ideoque
1544 422 1605 443 non
1622 410 1660 443 sic

166 454 282 486 sanstus
291 452 349 484 Dei
367 452 547 494 Apostolus,
556 461 617 483 non
629 448 667 482 sic
677 451 874 494 Augustinus,
890 462 954 483 non
965 451 1002 484 fic
1010 454 1108 485 caeteri
1125 453 1277 486 Catholici
1292 456 1464 487 trastatores
1483 466 1492 489 ἱ
1507 456 1660 498 Qiinimo

166 501 197 533 ὅ(
207 499 289 530 astus
299 496 410 530 liberos
420 496 584 529 hominum
595 507 705 538 negant
715 497 753 528 ab
762 497 816 533 eis,
832 497 862 530 δι
871 495 1097 539 tribuuntipios
1106 500 1188 538 Deo,
1199 499 1331 532 dicendo
1342 522 1350 536 ‚
1376 499 1455 532 Non
1473 501 1603 534 volentis
1612 513 1661 535 ne-

166 555 224 588 que
233 546 389 578 currentis,
398 540 446 575 sed
456 540 621 574 miserentis
630 542 668 573 est
677 543 736 574 Dei
747 557 759 582 ;
776 542 882 574 Gratia
892 542 1067 576 saluatiestis
1073 556 1127 586 pet
1136 543 1242 584 iidem,
1254 545 1285 579 ὃ(
1293 543 1355 577 hoc
1365 556 1428 578 non
1438 557 1474 579 ex
1483 546 1572 579 vobis
1581 557 1591 581 ς
1601 547 1662 581 Dei

166 593 247 623 enim
257 587 373 621 donum
383 589 440 620 est:
460 588 573 630 Neque
581 588 753 631 quiplanrat
761 611 770 624 ,
786 598 885 630 neque
893 591 945 631 qui
956 590 1032 632 rigat
1040 614 1049 627 ,
1065 589 1178 634 aliquid
1188 591 1227 623 est
1236 614 1244 627 ‚
1260 590 1309 622 sed
1319 601 1371 635 qui
1379 592 1598 624 incrementum
1609 593 1660 626 dat

165 637 261 669 Deus.
287 634 324 667 Et
336 632 501 666 secundum
511 635 712 677 Augustinum
723 632 906 677 3hocipsum
915 635 1001 677 quod
1016 634 1065 667 ille
1074 635 1199 677 plantat,
1219 634 1268 668 hic
1283 639 1372 679 rigat,
1384 638 1524 680 nonipsis
1535 637 1581 671 sed
1591 638 1660 671 Do-

165 683 250 714 mino
261 678 374 717 tribuit,
384 677 455 711 sicut
464 679 640 711 vicesimum
649 680 770 711 tertium
781 678 902 711 secundi
917 691 985 712 cum
1003 681 1104 713 multis
1120 680 1264 713 fimilibus
1280 683 1424 721 recitauit,
1441 683 1589 727 quibus&
1607 684 1658 715 tri-

166 725 308 759 cesimum
317 724 436 757 secundi
444 723 548 756 fimilia
556 726 685 757 recitata
697 723 803 758 Gloffa
819 736 829 761 ς
848 723 925 758 Non
934 736 989 758 vos
997 729 1185 769 operamini,
1201 727 1250 760 scd
1260 728 1345 760 Deus
1356 731 1535 770 operaturin
1546 729 1656 762 vobis:

108 775 131 805 Β
165 773 193 804 Α
204 773 254 814 Cy
279 771 416 808 rian0‚1n
427 770 511 802 nullo
522 769 608 804 nobis
617 769 811 814 gloriandum
819 769 873 809 est,
882 773 1030 814 quoniam
1041 772 1176 806 nostrum
1186 772 1261 804 nihil
1270 774 1309 805 est
1319 787 1329 812 ς
1345 772 1383 805 ab
1392 772 1541 806 Anselmo
1552 798 1560 810 ‚
1578 776 1657 808 Non
1675 782 1811 818 Cyprianus.

165 819 205 850 est
215 828 255 850 vo
268 818 343 849 entis
351 815 434 861 quod
446 815 522 854 vult,
530 827 588 848 nec
597 817 741 849 currentis
749 815 834 860 quod
843 818 951 849 currit:
963 818 980 848 a
991 816 1128 851 Iohanne
1137 818 1175 852 de
1183 818 1305 862 Caipha
1315 829 1324 852 ε
1333 819 1406 851 Hoc
1414 831 1514 853 autem
1528 821 1545 852 a
1556 822 1658 853 semet-
1675 822 1831 857 eAnselmus.

164 863 228 907 ipso
237 874 300 895 non
311 862 397 899 dixit,
408 860 453 892 scd
463 861 676 906 prophetauit:
689 863 719 897 ὅ(
728 862 894 895 &Domino
906 861 971 894 lesu
982 862 1106 896 Christo
1117 878 1127 902 ς
1138 864 1214 897 Non
1224 875 1281 897 vos
1290 875 1339 896 me
1348 865 1485 907 elegistis,
1501 865 1547 898 sed
1558 878 1616 910 ego
1627 878 1656 898 e·
1674 863 1781 889 hamm-

163 910 224 952 legi
234 919 290 940 vos
299 919 308 942 3
318 919 382 941 non
391 917 447 939 vos
456 908 519 939 estis
527 908 576 950 qui
586 907 761 950 loquimini,
773 906 822 939 sed
832 908 947 951 spiritus
958 907 1060 942 Patris.
1087 910 1269 949 Quomodo
1281 921 1357 954 ergo
1367 910 1431 942 haec
1442 922 1542 944 omnia
1553 916 1617 944 lunt
1627 915 1656 945 in

165 954 329 987 hominum
341 953 495 997 potestate,
504 964 568 996 quae
576 951 749 994 simpliciter
759 964 908 996 negantur
915 953 953 985 ab
963 959 1049 991 eis‚&
1059 955 1202 988 Domino
1209 956 1434 989 conceduntur?
1447 958 1540 990 Vnde
1550 959 1579 993 6(
1588 960 1657 991 Ast,
1676 947 1818 985 AHApost,

165 1012 197 1043 4.
208 1001 284 1032 Non
294 996 449 1043 possumus
465 1009 524 1030 nos
535 1008 602 1042 quae
611 998 741 1032 vidimus
750 999 780 1033 ἃ
789 999 958 1032 audiuimus
968 1010 1031 1032 non
1042 1001 1135 1045 loqui.
1174 1001 1251 1034 Item
1267 1001 1454 1046 Augustinus
1464 1002 1500 1035 de
1517 1015 1619 1036 natura
1629 1007 1658 1037 &
1674 1007 1841 1046 vingistnnus

163 1048 259 1090 gratia
268 1055 317 1087 27.
328 1045 570 1088 Caetera,inquit‚
579 1045 650 1077 vitia
659 1055 774 1077 tantum
783 1046 812 1077 in
822 1045 985 1078 malefastis
995 1046 1094 1079 valent
1105 1061 1113 1085 ς
1123 1046 1184 1080 sola
1191 1058 1290 1080 autem
1299 1047 1433 1092 superbia
1443 1050 1532 1080 eiiam
1543 1051 1571 1080 in
1581 1051 1659 1082 reste

165 1093 250 1124 iactis
259 1091 394 1123 cauenda
402 1090 453 1130 est,
463 1089 543 1122 vnde
552 1089 803 1123 admonenturilli
812 1102 850 1122 ne
858 1090 937 1124 dona
945 1093 1004 1125 Dei
1014 1093 1069 1124 suae
1080 1092 1219 1134 potestati
1229 1091 1401 1130 tribuendo,
1418 1092 1473 1126 {esc
1483 1094 1659 1127 extollendo

164 1139 283 1183 grauius
292 1146 428 1181 pereant,
436 1146 527 1180 quam
537 1134 556 1167 si
566 1136 607 1167 nil
617 1146 812 1179 operarentur
820 1136 907 1175 boni;
916 1136 1027 1181 quibus
1036 1138 1142 1170 dicitur
1151 1149 1219 1170 cum
1231 1140 1342 1171 timore
1351 1145 1522 1173 &tremore
1532 1141 1657 1173 vestram

163 1182 297 1227 ipsorum
306 1179 428 1214 [alutem
437 1182 606 1225 operamini
618 1181 720 1220 ;Deus
729 1183 809 1213 enim
819 1183 859 1215 est
867 1183 918 1226 qui
927 1193 1070 1223 operatur
1078 1185 1108 1216 in
1120 1183 1209 1217 vobis
1217 1185 1248 1219 ὃ(
1257 1184 1335 1216 velle
1345 1189 1374 1219 δέ
1384 1186 1508 1228 operari.
1529 1185 1611 1217 Idem
1621 1185 1658 1217 de
1676 1178 1832 1217 Augustinus.

164 1230 250 1262 bono
260 1228 481 1270 perseuerantiae
492 1227 716 1263 18.Voluntate
724 1227 782 1259 Dei
790 1226 845 1259 stat
856 1229 905 1271 qui
915 1227 968 1261 stat
979 1238 988 1262 3
997 1240 1107 1273 petens
1116 1231 1155 1262 est
1164 1232 1244 1263 enim
1256 1230 1341 1263 Deus
1349 1231 1433 1262 illum
1443 1234 1584 1268 [laituei·e:,
1595 1242 1657 1263 uon

165 1286 239 1320 ergo
251 1272 357 1317 seipse,
369 1272 415 1306 led
429 1274 532 1311 Deus,
543 1283 738 1306 veruntamen
748 1272 863 1305 bonum
873 1274 913 1306 est
922 1285 984 1305 non
994 1274 1087 1307 altum
1096 1275 1205 1318 lapere,
1220 1274 1267 1307 sed
1277 1277 1392 1312 timere,
1409 1275 1480 1308 licut
1490 1275 1658 1319 Apostolus

109 1320 140 1353 C
165 1332 222 1359 ait,
242 1321 319 1353 Non
336 1318 548 1351 sumusidonei
558 1320 691 1363 cogitare
699 1318 811 1386 ³¹¹⁴l¹¹id
823 1330 859 1351 ex
869 1319 1089 1364 nobismetipfis
1099 1344 1108 1358 ,
1122 1319 1172 1353 sed
1187 1319 1360 1354 sufficientia
1377 1323 1476 1354 nostra
1484 1333 1519 1354 cx
1530 1323 1598 1355 Deo
1607 1323 1658 1358 est.

165 1370 273 1411 Qem
283 1363 549 1398 securussscbmms
559 1362 735 1397 Ambrosius
759 1362 764 1388 ¹
779 1364 870 1397 audet
888 1365 919 1399 ὃ(
936 1365 1008 1397 dicit
1023 1377 1031 1401 ς
1049 1367 1125 1398 Non
1135 1367 1256 1399 enimin
1273 1368 1420 1410 potestate
1434 1367 1594 1399 nostracor
1603 1378 1657 1399 no-
1676 1384 1770 1422 {laudit

164 1414 270 1450 strum,
288 1410 336 1443 vel
345 1411 545 1452 cogitationes
555 1411 660 1442 nostrae
669 1434 677 1448 ‚
698 1409 782 1453 quod
791 1411 895 1443 omnis
904 1413 953 1454 qui
964 1410 1153 1446 humiliter&
1162 1413 1305 1446 veraciter
1313 1415 1381 1456 pius
1391 1412 1506 1451 est,effe
1516 1414 1625 1446 veracis
1628 1411 1660 1444 si-
1679 1424 1819 1463 Ambrofius

164 1468 251 1490 mum
259 1455 355 1490 sentit.
382 1455 455 1488 Hoc
465 1467 564 1489 autem
583 1454 765 1488 Ambroiius
783 1466 816 1487 vt
825 1455 935 1489 diceret
944 1481 955 1496 ,
980 1468 1008 1490 in
1017 1468 1053 1490 co
1061 1456 1139 1490 libro
1148 1456 1328 1502 loquebatur
1336 1468 1428 1502 quem
1439 1458 1476 1491 de
1486 1458 1553 1502 fuga
1563 1457 1661 1490 lieculi
1820 1452 1826 1460 ’

165 1502 410 1546 scripfit‚docens
420 1501 479 1534 hoc
489 1501 626 1535 saeculum
637 1512 700 1532 non
710 1511 838 1544 corpore
848 1500 895 1533 sed
904 1502 999 1534 corde
1008 1503 1186 1547 fugiendum
1198 1529 1206 1542 ‚
1230 1504 1316 1549 quod
1332 1503 1387 1536 nisi
1403 1505 1516 1536 auxilio
1531 1504 1588 1537 Dci
1599 1503 1662 1536 fieri

165 1560 228 1582 nou
236 1546 320 1593 posse
327 1547 466 1580 diicermt
475 1559 484 1581 ⁴,
494 1553 524 1580 δι
533 1547 664 1590 allegato
675 1547 826 1589 Propheta
835 1547 1091 1587 dicente,1nclina
1101 1560 1152 1581 cor
1161 1551 1300 1582 meumin
1310 1550 1476 1583 testimonia
1486 1561 1548 1588 tua,
1558 1556 1588 1582 ὃς
1598 1559 1662 1582 non

166 1596 195 1628 in
204 1591 532 1637 auaritiam‚subiungit
543 1592 741 1626 Ambrofius:
757 1594 833 1625 Non
844 1595 963 1626 enimin
978 1595 1122 1637 potestate
1132 1595 1233 1627 nostra
1241 1606 1294 1628 cot
1309 1597 1444 1629 nostrum
1461 1599 1491 1630 δι
1504 1597 1663 1639 cogitatio-

165 1652 217 1676 nes
227 1642 331 1674 nostrae
342 1651 422 1674 3n0n
432 1639 564 1683 itaquein
575 1637 755 1675 hominum,
772 1640 860 1671 sedin
872 1640 931 1672 Dei
940 1642 978 1674 est
992 1642 1153 1684 potestate,
1180 1651 1212 1673 vt
1228 1640 1361 1674 habeant
1379 1640 1517 1673 homines
1534 1641 1663 1684 potesta-

165 1697 226 1721 tem
243 1685 294 1723 filij
309 1687 366 1718 Dei
382 1684 454 1718 fieri.
482 1684 583 1728 Qod
593 1685 714 1717 videtur
723 1684 841 1717 fundari
860 1685 946 1729 super
959 1684 1048 1725 illud,
1072 1686 1180 1719 Iohan.
1199 1696 1226 1719 i.
1244 1686 1340 1720 Dedit
1354 1688 1398 1721 eis
1413 1688 1588 1730 potestatem
1605 1685 1664 1718 fili-

165 1743 202 1766 os
218 1732 277 1764 Dei
293 1730 356 1764 fieri
371 1754 381 1768 ‚
393 1730 438 1763 his
445 1731 495 1774 qui
503 1730 627 1763 credunt
639 1741 668 1761 in
678 1732 804 1762 nomine
816 1733 889 1768 eius..
901 1743 992 1775 quam
1002 1743 1101 1764 tamen
1110 1743 1151 1764 eis
1160 1744 1223 1764 non
1233 1732 1314 1765 daret
1332 1732 1352 1765 si
1367 1743 1433 1764 earn
1447 1743 1484 1764 ex
1495 1732 1523 1765 [e
1533 1731 1603 1776 ipsis
1612 1731 1663 1764 han

165 1778 281 1811 berent.
309 1778 402 1809 Vnde
411 1780 440 1810 &
452 1777 634 1819 Augustinus
645 1787 672 1808 2.
685 1777 819 1810 Retraci.
831 1787 838 1807 i
873 1778 950 1809 Non
961 1778 1102 1815 dicimus,
1112 1779 1221 1821 inquit,
1230 1776 1287 1811 effe
1296 1780 1325 1810 in
1337 1779 1477 1823 potestate
1487 1779 1596 1813 nostra,
1608 1776 1663 1810 nisi

167 1822 253 1867 quod
261 1833 328 1855 cum
339 1822 482 1853 volumus
494 1821 538 1861 fir,
551 1821 599 1852 vbi
613 1833 704 1867 prius,
718 1823 748 1856 ὅ(
759 1824 891 1856 maxime
902 1825 941 1856 est
952 1823 1047 1866 ipsum
1059 1823 1142 1859 velle,
1153 1824 1201 1857 sed
1210 1823 1289 1856 hanc
1298 1834 1419 1868 quoque
1429 1823 1465 1856 ad
1475 1823 1551 1856 bene
1560 1826 1664 1856 viuen·

111 1859 143 1891 D
167 1869 239 1901 dum
250 1866 372 1912 desuper
383 1868 547 1909 accipimus
556 1870 730 1911 poieil.irein
742 1882 751 1905 3
763 1880 854 1911 quaie
864 1872 893 1903 ὅ(
902 1869 981 1901 idem
992 1879 1019 1914 3.
1029 1868 1066 1900 dc
1076 1868 1171 1901 libero
1180 1868 1314 1904 arbitrio.
1325 1880 1377 1907 29.
1401 1870 1479 1901 Non
1498 1867 1588 1902 habet
1597 1894 1606 1906 ,
1620 1870 1664 1899 in-

166 1917 244 1958 quit,
258 1913 390 1946 homoin
403 1914 544 1956 potestate
554 1924 583 1944 ν(
595 1913 628 1945 fit
639 1913 748 1945 bonus.
761 1914 819 1946 fine
829 1926 889 1946 non
901 1915 1033 1948 videndo
1044 1915 1139 1959 qualis
1150 1912 1207 1948 effe
1214 1915 1330 1951 debeat,
1347 1913 1406 1947 siue
1415 1914 1550 1947 videndo
1561 1915 1590 1949 ὅ(
1599 1925 1663 1946 non

165 1959 297 1994 valendo
307 1959 365 1991 esse
374 1959 473 1994 talem,
483 1958 600 2002 qualem
611 1959 720 1992 debere
729 1961 786 1992 elle
797 1958 823 1992 se
835 1960 914 1993 videt
925 1960 1027 2004 3quod
1038 1967 1068 1993 8(
1080 1971 1108 1995 1.
1117 1960 1247 1993 Retrast.
1256 1972 1287 1998 9.
1297 1972 1360 1993 non
1371 1963 1520 1995 retrastat,
1530 1959 1576 1992 sed
1586 1971 1663 1990 con-

167 2018 212 2039 tra
221 2005 400 2048 Pelagianos
408 2006 510 2037 recitat
520 2004 730 2047 approbando.
749 2005 828 2038 Idem
838 2005 875 2038 dc
885 2017 1013 2048 corrept.
1022 2006 1052 2040 ὅ(
1061 2016 1218 2049 gratia70.
1229 2006 1268 2038 lta
1281 2006 1377 2038 scribit
1393 2016 1401 2040 ;
1419 2006 1497 2038 Νοιι
1516 2005 1555 2037 est
1573 2004 1666 2037 dubi-

164 2051 292 2085 tandum
301 2049 453 2082 voluntati
463 2050 590 2094 Dei,qui
602 2052 630 2082 in
642 2050 726 2082 coelo
737 2051 766 2085 ὅ(
778 2054 806 2083 in
816 2062 890 2084 terra
898 2053 1002 2083 omnia
1012 2063 1202 2096 quaeciinqiie
1211 2052 1307 2085 voluit
1316 2050 1547 2090 fccir,hiimanas
1556 2051 1663 2083 volun-

164 2108 240 2130 tates
249 2108 313 2129 non
322 2093 402 2139 posse
410 2094 550 2135 resistere,
560 2108 621 2141 quo
634 2098 732 2127 minus
745 2098 831 2129 iaciat
841 2095 901 2141 ipsc
911 2098 996 2141 quod
1007 2098 1071 2130 vult
1080 2122 1089 2135 ,
1112 2097 1363 2141 quandoquidem
1383 2099 1473 2129 ctiam
1483 2097 1520 2127 dc
1531 2096 1598 2140 ipiis
1607 2095 1662 2128 ho-

166 2153 282 2175 minum
294 2140 498 2175 voluntatibus
508 2141 590 2185 quod
599 2143 744 2177 vulta-um
756 2143 833 2177 vult,
846 2144 915 2174 iacit
926 2154 934 2176 ς
947 2142 999 2175 nisi
1008 2143 1086 2175 forte
1097 2154 1129 2175 vt
1138 2154 1175 2175 ex
1185 2144 1287 2176 multis
1295 2144 1396 2186 aliqua
1405 2153 1661 2180 commemorem,

165 2187 293 2234 quando
302 2189 385 2221 Deus
393 2188 488 2219 voluit
496 2188 575 2219 Sauli
584 2189 726 2231 Regnum
734 2186 855 2226 daie‚i'ic
864 2190 966 2221 eratin
976 2188 1120 2233 potestate
1130 2189 1327 2221 Israeliiatum
1337 2188 1461 2221 liibdcre
1471 2192 1498 2220 ie
1507 2198 1662 2219 memora·

166 2246 200 2267 io
210 2245 274 2267 viro
286 2232 344 2266 fiue
354 2244 416 2266 non
425 2232 560 2273 subdere,
571 2235 654 2276 quod
665 2235 769 2277 vtique
778 2245 807 2264 in
819 2245 925 2266 eorum
937 2235 953 2275 [
963 2236 1042 2276 non]
1051 2234 1252 2278 cratpofitum
1263 2235 1431 2270 voluntate,
1447 2244 1478 2265 vt
1487 2233 1578 2265 etiam
1590 2233 1658 2265 Deo

164 2281 297 2314 valerent
306 2277 431 2312 resistere
441 2293 450 2316 ς
461 2281 511 2322 qui
522 2291 621 2311 tamen
634 2279 693 2311 hoc
704 2291 765 2312 non
777 2279 858 2315 fecit,
869 2279 920 2313 nisi
931 2291 982 2323 per
990 2282 1123 2323 ipsorum
1133 2281 1295 2312 hominum
1304 2280 1488 2318 voluntates,
1497 2278 1555 2311 sine
1563 2277 1660 2311 dubio

166 2326 281 2359 habens
296 2325 503 2358 humanorum
518 2328 655 2358 cordium
678 2336 741 2370 quo
758 2325 853 2367 placet
868 2326 1113 2358 inclinandorum
1131 2326 1457 2371 omnipotentissimam
1473 2326 1660 2368 potestatem.

165 2372 250 2407 Dicit
260 2373 348 2413 igitur
357 2371 561 2413 Augustinus,
578 2371 662 2414 quod
673 2372 753 2403 Deus
764 2370 853 2403 habet
863 2372 1037 2415 pota-statem
1049 2371 1134 2415 supet
1142 2372 1318 2405 voluntates
1326 2371 1474 2403 humanas
1487 2395 1496 2408 ,
1514 2369 1564 2402 ied
1573 2370 1657 2413 quod

112 2438 135 2470 E
167 2418 264 2452 homo
275 2417 381 2450 habeat
399 2417 571 2460 potestatem
586 2418 670 2459 super
679 2416 866 2449 voluntatem
878 2418 1010 2449 diuinam
1021 2417 1165 2461 nusquam
1175 2418 1324 2457 affirmat,
1343 2416 1391 2449 sed
1408 2416 1657 2449 innuitcoiitrari·

166 2476 218 2497 um
227 2474 290 2496 eius
300 2462 417 2495 crebro:
430 2463 498 2494 Itno
506 2464 536 2497 ὅ(
544 2463 593 2495 hic
603 2463 689 2496 docet
700 2463 840 2506 extu-eise,
869 2463 930 2496 uod
940 2464 1066 2507 quando
1076 2465 1158 2496 Deus
1168 2463 1267 2497 voluit
1277 2463 1346 2496 dare
1356 2473 1482 2505 regnum
1491 2460 1654 2499 Sauli‚non

167 2513 222 2543 luit
233 2521 262 2541 in
272 2509 416 2552 potestate
432 2506 626 2541 Israelitarum
637 2506 759 2540 subdere
778 2507 802 2541 se
817 2475 909 2542 ciciliue
918 2520 980 2542 non
992 2507 1115 2542 subdere
1132 2508 1354 2552 ,quatemulto
1364 2509 1461 2551 magis
1474 2517 1538 2538 non
1554 2507 1609 2538 tuit
1623 2509 1654 2539 in

165 2555 310 2599 potestate
318 2564 424 2586 eorum
433 2553 516 2596 quod
524 2555 611 2586 Deus
621 2554 680 2585 hoc
690 2554 777 2586 vellet
788 2553 846 2587 siue
855 2565 914 2586 non
927 2555 1014 2586 vellet
1024 2566 1116 2597 ,ergo
1124 2554 1230 2588 eadem
1246 2565 1364 2587 ratione
1380 2565 1433 2585 nec
1442 2551 1568 2596 aliquod
1579 2552 1654 2585 velle

166 2603 224 2633 Dei
233 2600 273 2632 est
283 2598 453 2643 simpliciter
462 2602 490 2631 in
502 2598 636 2631 hominis
645 2598 791 2642 potestate
801 2624 810 2637 ,
835 2599 900 2632 imo
911 2611 962 2632 nec
972 2600 1079 2645 aliquis
1089 2603 1168 2633 actus
1178 2600 1369 2633 hominis-‘tut
1379 2610 1444 2631 non
1461 2600 1543 2630 astus
1553 2620 1560 2632 ‚
1586 2608 1653 2630 cum

166 2646 230 2678 haec
238 2644 331 2678 ambo
340 2645 523 2688 proueniant
532 2646 548 2676 a
558 2644 711 2677 voluntate
721 2644 821 2676 diuina
832 2645 1002 2677 naturaliter
1010 2644 1196 2689 praecedcnte
1206 2671 1215 2685 ,
1232 2644 1303 2677 ficut
1318 2645 1499 2677 tricesimum
1509 2647 1539 2673 Sc
1550 2643 1655 2674 [riceii-

166 2702 249 2724 mum
259 2689 421 2723 secundum
430 2690 624 2722 lecundicum
635 2690 798 2721 corollario
810 2691 942 2722 vicesimi
957 2689 1073 2723 secundi
1083 2692 1172 2733 primi
1182 2690 1278 2723 lucide
1289 2689 1491 2721 manifestant.
1518 2687 1593 2720 Haec
1602 2689 1655 2731 igi-

165 2748 214 2769 tut
225 2747 327 2769 contra
335 2734 580 2778 tesposiuticrilam
592 2737 717 2779 primam
729 2735 845 2768 hatum.
863 2737 998 2770 Secunda
1008 2736 1082 2769 veto
1092 2738 1190 2779 potest
1198 2747 1252 2779 per
1260 2735 1364 2768 eadem
1375 2734 1655 2767 fimiliteremcnda-
1670 2745 1791 2785 'R‘spfflfi‘J
1805 2752 1832 2773 2,

163 2785 200 2815 ri.
234 2783 334 2814 Dcurn
345 2791 476 2824 namque
485 2781 560 2813 velle
571 2781 600 2813 ὃ(
617 2781 754 2823 praeuelle
763 2782 863 2814 :istum
874 2783 1038 2814 voluntatis
1047 2792 1150 2815 creatae
1161 2806 1170 2820 ,
1191 2782 1240 2815 vel
1247 2783 1287 2815 est
1295 2784 1325 2812 iu
1344 2782 1490 2822 potestate
1499 2777 1589 2822 ipsius
1599 2790 1653 2811 vo-

163 2826 460 2865 luntatiscreataeflei
470 2838 532 2859 non
542 2840 550 2856 .-
563 2824 580 2857 fi
589 2825 656 2867 llsit,
667 2828 717 2857 isla
726 2826 878 2871 responsio
891 2827 995 2860 incidit
1004 2831 1032 2859 in
1043 2829 1193 2871 priorem:
1206 2825 1225 2858 fi
1236 2838 1298 2860 non
1308 2851 1317 2864 ‚
1330 2825 1406 2860 &tid
1422 2826 1524 2859 Deum
1540 2824 1654 2860 velie&
1673 2832 1686 2871 Η
1695 2830 1728 2860 fic

163 2873 301 2918 praeuelle
312 2874 473 2916 quicquam
491 2871 553 2906 fieri
567 2872 774 2916 quouistnodo
790 2884 842 2917 per
851 2874 1000 2907 decimum
1010 2875 1100 2918 primi
1110 2872 1273 2951 iieiissario
1288 2869 1420 2917 sequitur
1435 2869 1510 2903 illud
1527 2868 1589 2902 fieri
1604 2871 1655 2947 igo

1558 2926 1611 2947 mo
1637 2927 1656 2949 o
