1985 3130
219 168 272 215 82
279 182 307 212 0
804 153 970 205 ‘Thomae
979 149 1262 204 Pradwardini
1672 153 1720 203 L
1733 174 1746 204 i
1760 175 1803 206 B.
1818 175 1855 222 3,

328 257 477 291 mutabilis
492 257 532 290 est
547 259 577 290 in
592 265 651 299 qua
666 254 769 286 omnia
784 249 913 294 reposita
928 248 1006 282 sunt.
1028 248 1175 290 Dicitque
1193 245 1396 280 Cassiodorus
1411 248 1498 293 super
1512 247 1586 281 illud
1600 247 1712 282 Psalmi
1729 252 1801 285 118.
1824 255 1857 286 A

331 304 463 349 superius
473 304 647 345 allegatum,
664 301 698 332 0
709 299 858 335 Domine,
868 303 1024 339 permanet
1032 292 1155 326 verbum
1167 293 1291 325 tuumin
1299 292 1397 330 coelo,
1411 293 1528 338 quiaad
1535 294 1661 331 literam,
1673 295 1803 331 solennis

332 350 412 382 ordo
421 348 588 382 coelestium
597 354 752 391 permanet
761 343 952 376 statutorum.
974 340 1086 373 Annus
1100 339 1182 370 enirn
1197 348 1252 381 per
1267 337 1330 369 dies
1347 338 1378 372 ἃ
1392 336 1630 374 menseslabimr,
1645 340 1676 376 ἃ
1690 340 1801 376 eisdem

333 392 587 427 vicissitudinibus
596 390 670 424 redit
684 385 841 422 conuersio
860 386 939 419 Solis
955 390 986 420 &
1001 384 1108 422 Lunae,
1121 384 1152 417 &
1167 387 1308 416 omnium
1323 382 1371 416 lex
1385 381 1476 417 semel
1489 385 1648 418 constituta
1661 386 1804 421 immuta-

333 440 400 473 bilis
409 450 517 472 manet.
544 439 582 471 Et
596 438 686 474 infra,
701 437 732 468 in
749 434 943 478 generatione
956 432 987 464 ὅ(
1004 430 1234 473 generationem
1249 429 1357 462 veritas
1373 440 1435 470 tua,
1451 429 1482 462 id
1499 431 1552 467 est,
1566 432 1597 463 in
1613 432 1701 464 omni
1713 444 1803 477 gene-

334 488 467 524 ratione,
491 482 632 517 fundasti
647 490 768 517 terram,
781 478 812 511 id
828 480 879 515 est,
896 473 1053 510 Ecclesiam
1069 473 1145 513 fide,
1161 477 1192 509 &
1205 484 1369 517 permanet.
1392 475 1471 507 Non
1487 477 1568 508 enim
1580 475 1619 509 ad
1634 475 1750 511 literam
1767 478 1805 514 de

334 541 420 567 terra,
437 540 501 574 quae
510 527 662 561 mouenda
670 528 720 565 est,
736 525 796 557 hoc
810 523 868 556 dici
883 522 978 566 potest
997 533 1005 553 ε
1023 519 1159 553 (hristus
1174 529 1274 552 autem
1288 517 1330 551 est
1343 518 1588 559 fundamentum,
1604 533 1708 565 prater
1720 523 1807 568 quod

334 587 426 610 nemo
436 576 530 620 potest
538 573 619 606 aliud
629 582 753 616 ponere,
769 571 800 602 in
809 580 874 613 quo
884 570 927 604 hi,
944 568 995 611 qui
1004 577 1069 598 non
1082 567 1146 598 sunt
1154 565 1266 597 ancillae
1276 563 1343 602 filij,
1355 576 1540 608 permanent.
1567 566 1650 601 Nam
1664 565 1804 614 sequitur.

336 621 544 654 Ordinatione
558 630 608 652 tua
625 617 787 661 perseuerat
801 616 876 648 dies.
911 612 985 645 Haec
1000 613 1082 644 enim
1099 610 1183 653 supra
1196 609 1292 647 diffll,
1311 610 1394 654 quod
1411 609 1538 645 verbum
1554 613 1586 644 in
1600 612 1704 650 coelo,
1721 613 1807 660 quod

337 670 443 701 veritas
454 669 484 699 in
494 666 686 708 generatione
696 688 706 702 ‚
725 660 808 707 quod
819 671 894 694 terta
902 657 1028 691 fundata
1036 658 1088 694 est,
1105 656 1169 688 sunt
1177 655 1240 688 dics
1249 666 1343 698 quem
1352 655 1422 690 fecit
1428 657 1598 698 Dominus,
1613 659 1662 692 cui
1671 659 1696 690 C
1701 657 1808 694 hristus

152 716 165 755 ¹!
178 717 301 757 percipiet
337 712 513 746 Soliustitiae
528 709 673 754 quicquid
690 718 793 752 vrgeat
810 715 966 750 nunquam
983 702 1105 738 occidit,
1119 701 1150 734 ὃ(
1166 712 1235 733 eum
1249 703 1279 733 iii
1294 702 1397 734 futuro
1411 702 1550 748 liperficiet
1565 704 1650 737 nullo
1659 703 1809 739 fiueclau·

153 749 156 755 ¹
337 758 480 792 dendum.
505 757 544 789 Et
558 756 635 788 bene
649 754 717 788 dico
734 751 868 787 Verbum
885 763 914 782 in
925 749 1005 781 coelo
1015 750 1132 786 veritas,
1149 747 1218 781 &in
1226 749 1421 789 generatione
1428 758 1502 782 terra
1510 749 1644 787 tundata,
1660 753 1807 795 quoniam

338 805 442 837 omnia
452 813 517 846 quae
526 799 721 846 pertinentad
731 798 813 831 hunc
820 797 900 830 diem
909 794 1040 827 seruiunt
1056 792 1108 825 tibi
1124 807 1134 831 5
1147 791 1184 823 ad
1194 792 1318 831 literam,
1337 794 1638 838 Omniatemporalia
1655 802 1686 830 8(
1699 806 1809 832 aeterna
1821 787 1844 821 Β

339 850 392 882 suo
407 858 480 881 nutu
495 845 633 891 disponit.
657 844 810 879 Fiindasli2
827 843 936 884 inquit,
951 850 1059 872 tetram
1076 839 1107 870 ὅ(
1122 848 1276 881 permanet
1291 852 1302 877 3
1317 836 1457 872 fundatio
1471 849 1571 873 autem
1588 838 1620 875 ὃ(
1634 841 1810 876 fundamen-

339 905 403 928 tum
420 893 638 926 immutabilem
655 889 842 924 stabilitatem
865 890 896 922 ἃ
919 885 1122 919 necessitatem
1146 893 1311 926 important
1320 907 1328 920 ‚
1352 882 1424 917 ficut
1446 882 1577 928 superius
1591 887 1630 919 est
1646 888 1811 921 ostensum.

337 938 431 973 Vnde
444 940 473 974 ἂ
489 938 567 972 infra
582 935 692 970 eodem
702 959 714 975 ‚
737 935 828 970 Initio
843 933 976 976 cognoui
992 931 1030 962 de
1045 930 1222 964 testimoniis
1238 930 1295 961 tuis
1308 929 1398 974 quod
1412 931 1443 962 in
1458 940 1604 964 aetetnum
1621 930 1749 966 fundasti
1763 944 1810 967 ea.

340 986 473 1018 Similem
482 985 570 1017 etiam
578 982 750 1017 sententiam
758 981 887 1013 innuunt
897 976 988 1010 verba
997 974 1184 1014 huiusmodi,
1198 974 1388 1008 Confirmata
1399 976 1438 1008 est
1446 973 1535 1020 supet
1542 986 1600 1008 nos
1609 978 1813 1011 misericordia

340 1033 413 1071 eius,
428 1031 459 1064 ἂ
474 1030 581 1063 veritas
597 1028 726 1061 Domini
739 1035 842 1058 manet
856 1027 887 1057 in
903 1033 1061 1060 aeoernum,
1078 1020 1194 1053 Psalmo
1208 1025 1279 1052 116.
1303 1019 1446 1053 Firmauit
1460 1019 1567 1054 orbem
1582 1032 1665 1056 terra:
1681 1026 1732 1067 qui
1748 1034 1811 1057 non

154 1084 319 1124 Augustinus.
338 1073 594 1114 commonebitur,
603 1071 719 1107 Psalmo
729 1082 780 1110 92.
798 1069 848 1103 vbi
859 1068 928 1101 dici:
936 1068 1121 1110 Augustinus
1128 1065 1213 1109 quod
1220 1065 1259 1098 ess
1268 1066 1445 1106 immobilis,
1453 1066 1528 1101 sicut
1536 1078 1596 1100 erat
1604 1066 1734 1112 superius
1741 1069 1812 1102 alle-

338 1133 450 1165 gatum.
476 1121 539 1162 Q
552 1118 709 1154 confidunt
726 1119 756 1150 in
775 1117 928 1153 Domino,
942 1113 1014 1145 sicut
1023 1113 1210 1148 santissimi,
1223 1121 1287 1144 non
1297 1111 1581 1146 commonebiturin
1589 1124 1745 1153 aezernum,
1754 1115 1814 1149 &c-

339 1166 458 1200 Psalmo
470 1175 479 1198 i
488 1176 540 1208 24.
557 1163 609 1197 vbi
626 1162 826 1197 Cassiodorus
834 1159 963 1194 ostendit
972 1157 1162 1190 confidentes
1171 1158 1201 1189 in
1210 1157 1353 1189 Domino
1361 1168 1425 1189 non
1436 1155 1516 1201 posse
1526 1161 1724 1198 moueri,iion
1732 1161 1813 1193 incli-

155 1219 319 1258 Caefiioa'vrus.
339 1213 456 1247 nabitut
464 1214 493 1244 in
503 1211 640 1244 saeculum
657 1207 764 1244 saeculi,
780 1206 983 1241 scilicettcrra,
1000 1202 1120 1236 Psalmo
1138 1212 1210 1242 103.
1222 1202 1273 1235 vbi
1288 1201 1499 1240 Cassiodorus,
1515 1204 1592 1237 Non
1603 1205 1762 1247 petestdici
1775 1204 1814 1237 de

339 1269 416 1292 terra
423 1269 491 1301 qua:
501 1254 769 1299 legiturtransitura
788 1268 797 1292 ς
819 1251 942 1296 mystice
952 1249 1027 1282 vero
1040 1249 1118 1281 reste
1134 1248 1332 1292 accipipotest
1341 1246 1470 1280 Ecclesia
1485 1249 1571 1292 supet
1578 1246 1732 1284 Christum
1746 1251 1815 1283 fun-

339 1304 416 1341 data,
432 1294 644 1348 qiiaeinclinati
653 1312 716 1333 non
729 1298 836 1343 potest.
858 1297 986 1329 Montes
1002 1293 1286 1328 commonebuntur.
1302 1293 1333 1326 ὅ(
1349 1294 1439 1326 colles
1453 1295 1692 1334 contremiscent,
1706 1293 1814 1329 miseri-

340 1350 444 1382 cordia
450 1360 549 1383 autem
561 1359 624 1383 mea
635 1357 697 1379 non
708 1343 824 1382 recedet
832 1344 849 1376 a
860 1342 940 1378 te,&
948 1340 1049 1374 foedus
1057 1341 1137 1384 pacis
1147 1350 1218 1372 meae
1228 1350 1291 1371 non
1301 1339 1483 1379 monebitur,
1497 1339 1573 1374 dixit
1582 1341 1812 1375 Miseratortuus
1825 1340 1854 1374 C

154 1403 247 1439 fiſsas.
339 1396 507 1433 Dominus,
517 1392 604 1427 Esaiae
616 1402 666 1435 54.
692 1390 820 1424 Coeliim
829 1396 859 1422 8<
871 1397 947 1420 tetta
955 1386 1129 1430 transibunt,
1138 1385 1226 1418 vei-ba
1232 1395 1331 1417 autern
1342 1395 1409 1417 mea
1416 1396 1480 1417 non
1488 1383 1714 1423 transibunt‚seu
1725 1389 1814 1420 trans-

155 1442 300 1471 Manlum.
339 1444 412 1477 ient,
430 1440 593 1481 Matth.24.
613 1440 642 1471 ὁ(
651 1436 745 1470 multa
752 1434 856 1468 fimilia
865 1443 932 1465 cun-i
942 1430 1179 1477 expolitionibus
1187 1429 1242 1462 suis
1253 1431 1283 1464 ὅ(
1291 1428 1397 1473 glossis
1407 1440 1458 1471 27.
1468 1429 1557 1465 huius
1564 1433 1676 1476 scripta.
1705 1432 1762 1465 His
1779 1431 1816 1465 fi-

154 1495 282 1522 leremias.
341 1482 805 1519 militerconsonatilliidIerem.
817 1491 846 1524 5.
870 1480 961 1512 Posui
975 1488 1094 1510 arenam
1111 1476 1272 1509 terminum
1288 1477 1388 1512 maiis,
1403 1487 1588 1521 praeceptum
1599 1479 1815 1522 sempiternum

339 1531 423 1575 quod
432 1542 494 1563 non
504 1528 674 1574 praeteribit.
689 1523 1018 1561 &commonebuntur³
1032 1522 1063 1556 ἂ
1077 1533 1140 1554 non
1158 1531 1314 1565 poterunt,
1331 1519 1563 1556 &intumescent
1578 1519 1769 1562 fluctuabis,
1785 1529 1817 1561 δι

339 1588 400 1610 ηοη
410 1574 707 1620 pertransibuntillud
716 1587 726 1612 3
736 1582 900 1605 terminum
911 1568 1137 1602 tribulationum
1149 1565 1298 1600 insinuans
1307 1564 1497 1603 &laborum
1510 1577 1543 1600 vt
1551 1577 1633 1613 patet
1640 1579 1692 1612 per
1699 1570 1818 1613 expofi-

340 1625 441 1656 tiones
450 1622 608 1665 praemiflas
616 1625 670 1662 46.
679 1620 779 1662 primi.
796 1619 834 1650 Et
843 1617 960 1650 rursum
969 1614 1043 1647 illud
1052 1612 1158 1646 Psalmi
1168 1613 1241 1654 148.
1252 1613 1399 1645 Statuitea
1407 1613 1437 1644 in
1447 1623 1589 1646 aeternum
1599 1614 1630 1649 δι
1638 1619 1670 1648 i'n
1680 1614 1817 1648 saeciilum

341 1667 634 1710 saeculi,praeceptum
644 1663 751 1709 posuit,
759 1665 790 1698 ὅ(
799 1673 863 1696 nCn
873 1659 1045 1705 praeteribit.
1069 1658 1160 1692 Vnde
1167 1656 1270 1691 beatus
1279 1658 1441 1699 Gregorius
1454 1657 1637 1692 16.Moral.i
1649 1669 1676 1702 5.
1692 1659 1777 1703 super
1783 1660 1818 1694 il-

340 1712 393 1745 lud
402 1711 456 1745 Iob
465 1723 514 1757 23.
532 1713 638 1744 Nemo
646 1720 777 1743 auertere
786 1709 881 1752 potest
889 1707 1089 1750 cogitationes
1097 1706 1168 1742 eius,
1183 1701 1291 1736 scilicet
1301 1704 1375 1740 Dei,
1385 1702 1424 1735 fic
1433 1704 1487 1744 ait,
1495 1704 1544 1736 De
1552 1706 1636 1738 cuius
1645 1705 1820 1740 immutabi-

342 1758 423 1791 litate
431 1761 499 1800 apte
510 1757 710 1799 subiungitur,
729 1756 835 1787 Nemo
843 1763 972 1786 auertere
983 1751 1078 1795 potest
1088 1750 1290 1793 cogitationes
1297 1750 1358 1781 eius
1375 1760 1383 1780 ι
1399 1747 1474 1782 ficut
1487 1749 1770 1785 enimimmutabilis
1778 1753 1818 1785 est

342 1815 464 1841 natum,
479 1806 518 1836 ita
527 1800 723 1835 immutabilis
730 1800 770 1833 est
779 1800 978 1842 cogitatione.
1000 1797 1087 1828 Dicat
1104 1806 1192 1838 ergo,
1204 1796 1235 1827 ὁ(
1253 1805 1346 1828 nemo
1362 1804 1492 1828 auertere
1507 1795 1604 1840 potest
1618 1797 1820 1839 cogitat-iones

343 1851 416 1886 eius,
430 1850 496 1892 quia
506 1848 594 1881 scinel
607 1846 665 1880 fixa
681 1846 791 1879 iudicia
800 1844 906 1878 mutati
914 1851 1101 1886 nequaquam
1111 1840 1232 1884 possunt
1245 1854 1261 1890 5ἱ
1275 1840 1356 1872 vnde
1364 1840 1505 1883 scriptum
1514 1841 1564 1880 est,
1576 1852 1819 1886 praeceptumpo-

344 1894 410 1930 suit,
419 1895 449 1928 ἃ
459 1905 521 1925 non
531 1890 708 1936 piaeteribit:
725 1890 755 1924 ὅ(
764 1892 893 1925 rursum,
909 1888 1038 1921 Coelum
1049 1891 1078 1918 δι
1090 1897 1165 1918 terta
1175 1884 1350 1922 transibunt,
1365 1885 1560 1919 verbaautem
1568 1895 1636 1919 mea
1645 1898 1709 1920 non
1719 1886 1819 1920 tranfi-
1832 1891 1862 1926 D

344 1950 395 1971 ent
412 1952 419 1969 ε
437 1940 472 1971 Et
480 1941 608 1976 rursum,
618 1939 695 1969 Non
705 1939 785 1968 enim
796 1935 996 1978 cogitationes
1005 1943 1079 1964 mea:
1090 1930 1158 1964 licut
1167 1933 1365 1975 cogitationes
1374 1932 1487 1970 vestrae,
1497 1942 1592 1975 neque
1602 1933 1656 1965 viae
1665 1943 1740 1966 meae
1746 1932 1820 1967 sicut

345 1986 399 2017 viae
408 1985 520 2017 vessrae.
543 1985 626 2016 cum
633 1993 705 2025 crgo
721 1992 849 2014 exterius
864 1980 972 2011 mutati
986 1978 1102 2011 videtur
1118 1978 1274 2015 sententia,
1286 1976 1411 2011 interius
1426 1975 1581 2010 consilium
1598 1988 1660 2011 non
1676 1988 1818 2016 mutatur,

346 2032 413 2071 quia
425 2029 461 2062 de
479 2038 655 2072 vnaquaque
672 2039 703 2059 re
719 2024 1036 2059 immutabiliterintus
1051 2023 1253 2059 constituitur,
1268 2021 1412 2066 quicquid
1427 2020 1501 2054 foris
1516 2021 1699 2056 mutabiliter
1710 2025 1820 2067 agitur.

164 2080 319 2120 Augustinus.
350 2076 411 2108 Cui
429 2076 460 2108 ὃ(
477 2075 669 2107 concorditer
684 2073 869 2115 Augustinus
884 2082 913 2102 in
931 2068 1083 2106 sententiis
1101 2067 1248 2111 Proiperi,
1262 2065 1471 2111 propositione
1485 2072 1525 2099 16
1528 2078 1559 2105 9.
1582 2068 1761 2112 Cogitatio,
1776 2070 1820 2101 in-

348 2122 424 2164 quit,
443 2126 473 2153 δε
491 2120 663 2163 recogitatio
674 2119 736 2150 Dei
748 2116 959 2149 mutandarum
969 2125 1068 2147 rerum
1083 2113 1123 2145 est
1135 2110 1392 2145 incommutabilis
1407 2113 1494 2145 ratio.
1521 2112 1634 2157 Neque
1642 2115 1734 2152 enim,
1749 2112 1821 2148 ficut

348 2166 527 2204 hominem,
543 2166 583 2197 ita
598 2165 699 2196 Deum
715 2160 886 2205 cuiusquam
901 2162 970 2193 {affl
985 2160 1027 2192 sui
1041 2160 1186 2202 poenitet,
1202 2160 1284 2190 cuius
1298 2158 1335 2191 de
1350 2155 1493 2190 omnibus
1513 2158 1644 2192 omnino
1659 2157 1746 2193 rebus
1761 2169 1822 2193 tam

167 2217 257 2254 Efiaiu.
351 2211 410 2244 fixa
420 2211 457 2242 est
468 2210 607 2244 sententia
616 2209 707 2251 quam
722 2218 799 2241 certa
815 2204 991 2250 piaescieniia
1010 2217 1018 2238 e
1035 2203 1146 2247 quibus
1161 2214 1217 2236 nec
1230 2202 1402 2236 discorditer
1418 2201 1530 2242 Esaias,
1542 2204 1695 2237 Dominus
1711 2206 1823 2238 exerci-

352 2267 450 2291 tuum,
465 2255 575 2299 inquit‚
590 2253 733 2292 decreuit,
742 2260 772 2287 8(
782 2253 850 2296 quis
858 2249 1141 2295 poteritinfirmare÷
1153 2247 1197 2282 Ec
1210 2260 1260 2291 14.
1275 2246 1388 2285 Gloffa,
1396 2246 1457 2280 hoc
1467 2247 1632 2289 est,mutari
1640 2260 1702 2283 non
1712 2250 1823 2293 potest.

351 2299 575 2334 Hanceandern
585 2298 788 2332 necessitatem
804 2296 965 2329 secundum
980 2296 1091 2339 legem,
1107 2306 1138 2327 vt
1154 2297 1352 2338 praemittitut,
1367 2293 1537 2327 ordinatam
1554 2295 1708 2328 euidenter
1716 2294 1826 2328 infinu-

354 2357 405 2379 ant
414 2348 598 2378 Autoritatcs
607 2343 644 2376 de
652 2342 823 2376 necessitate
837 2341 1012 2378 stabilitatis,
1027 2338 1262 2377 immobilitatis,
1273 2341 1304 2374 ἃ
1317 2339 1564 2374 immutabilitatis
1574 2338 1726 2385 praemiffae
1744 2354 1752 2374 :
1769 2352 1824 2374 nec

353 2394 453 2423 minus
463 2390 614 2423 euidenter
622 2399 689 2421 eam
698 2387 857 2421 ostendunt
865 2387 1050 2419 Autoritates
1058 2386 1094 2418 de
1102 2388 1270 2418 iuramento
1278 2384 1625 2429 diuino‚quadiagesimo
1632 2385 1760 2429 septimo
1769 2385 1828 2419 hu·

355 2439 399 2468 ius
412 2433 562 2480 ptaemiffae
571 2431 969 2476 propterimmutabilitatem
979 2438 1009 2465 ει
1018 2429 1217 2465 necessitatem
1227 2432 1258 2463 in
1264 2441 1301 2462 eo
1309 2440 1498 2469 contentam,
1506 2431 1636 2465 maxime
1645 2432 1712 2464 cum
1721 2430 1824 2464 seciin-
1835 2435 1861 2468 Ε

356 2482 429 2514 dum
440 2477 613 2514 ibiostensa.
628 2481 730 2511 omnis
744 2478 842 2510 sermo
855 2476 916 2510 Dei
924 2478 1096 2510 intrinsecus
1109 2475 1237 2519 respectu
1250 2475 1430 2509 exteriorum
1438 2476 1541 2520 aequali
1550 2475 1718 2510 necessitate
1727 2476 1828 2510 firme-

359 2538 425 2564 tur,
437 2527 467 2560 ὅ(
480 2523 671 2570 aequipolleat
688 2526 866 2556 iuramento.
890 2522 1024 2556 Eandem
1044 2521 1175 2555 similiter
1188 2525 1316 2555 innuunt
1333 2522 1520 2555 Autoritates
1534 2521 1586 2555 illo
1598 2521 1826 2566 quadragesimo

358 2571 487 2616 septimo
500 2572 654 2613 allegatae,
670 2571 799 2603 dicentes
815 2567 1020 2611 piaediffiones
1037 2569 1068 2602 ἃ
1083 2569 1295 2611 promissiones
1306 2565 1422 2600 diuinas
1437 2564 1595 2601 necessario
1611 2567 1829 2610 adimplendas,

360 2618 492 2649 maxime
501 2616 568 2648 cum
578 2625 639 2646 non
651 2616 806 2648 necessitas
815 2613 847 2647 fit
856 2614 985 2646 maiorin
995 2612 1113 2651 talibus,
1126 2613 1220 2657 quam
1228 2613 1257 2644 in
1267 2611 1525 2655 quibussibetscitis
1533 2613 1590 2645 Dei
1598 2612 1635 2646 ad
1644 2622 1738 2650 extra,
1756 2611 1828 2645 sicut

361 2663 535 2705 proximum
546 2659 633 2692 huius
644 2660 732 2693 docet
743 2674 749 2691 :
760 2658 808 2692 sed
819 2669 881 2691 tota
890 2657 1120 2701 necessitas,quae
1128 2658 1168 2689 est
1177 2657 1228 2694 ibi,
1235 2656 1274 2690 est
1283 2668 1321 2690 ex
1331 2656 1417 2691 firma
1424 2656 1831 2702 praesentialitate,&praesen·

362 2718 448 2740 tanea
458 2707 595 2739 firmitate
603 2707 698 2744 acius,
711 2704 907 2748 cognitionis,
921 2705 952 2738 ὃ(
960 2704 1127 2736 volutionis
1136 2703 1255 2739 diuinae,
1269 2713 1327 2746 qua
1335 2713 1417 2740 eum,
1430 2701 1502 2735 ficut
1511 2703 1541 2736 ὅ(
1551 2701 1703 2747 praesenti'a
1714 2714 1832 2743 caerera,

364 2753 395 2786 ὅ(
409 2752 491 2782 aestus
508 2762 632 2783 exteros
646 2751 867 2794 qualescunque
886 2749 960 2781 dum
975 2749 1033 2786 est,
1057 2747 1169 2782 neccsse
1184 2749 1223 2781 est
1238 2748 1293 2780 essc
1307 2746 1477 2781 necessitate
1491 2746 1632 2791 sequente
1647 2756 1677 2782 et
1693 2747 1832 2782 ordinata

364 2796 516 2839 praediEta.
545 2796 687 2838 Amplius
701 2806 800 2828 autem
817 2795 848 2829 ἃ
863 2793 942 2826 lianc
956 2794 1082 2828 eandem
1105 2792 1307 2827 necessitatem
1323 2792 1492 2826 ordinatam
1503 2815 1512 2830 ,
1535 2803 1568 2826 vt
1583 2795 1781 2838 praemittitur‚
1801 2794 1832 2828 &

365 2843 538 2885 sequentem
555 2841 745 2874 concorditer
757 2843 885 2873 innuunt
899 2850 1008 2873 omnes
1023 2840 1174 2877 Antores,
1197 2849 1345 2883 ponentes
1365 2838 1458 2871 satum
1473 2838 1490 2871 a
1506 2837 1615 2872 famine
1630 2839 1691 2873 Dei
1708 2838 1834 2876 dietum.

1801 2886 1834 2916 δι
