<?xml version="1.0" encoding="UTF-8"?>
<!DOCTYPE html PUBLIC "-//W3C//DTD XHTML 1.0 Transitional//EN"
    "http://www.w3.org/TR/xhtml1/DTD/xhtml1-transitional.dtd">
<html xmlns="http://www.w3.org/1999/xhtml" xml:lang="en" lang="en">
 <head>
  <title>
</title>
<meta http-equiv="Content-Type" content="text/html;charset=utf-8" />
  <meta name='ocr-system' content='tesseract 3.04.00' />
  <meta name='ocr-capabilities' content='ocr_page ocr_carea ocr_par ocr_line ocrx_word'/>
</head>
<body>
  <div class='ocr_page' id='page_1' title='image "./decausadeicontra00braduoft_0378.png"; bbox 0 0 1985 3130; ppageno 0'>
   <div class='ocr_carea' id='block_1_1' title="bbox 198 131 1843 211">
    <p class='ocr_par' dir='ltr' id='par_1_1' title="bbox 198 131 1843 211">
     <span class='ocr_line' id='line_1_1' title="bbox 198 131 1843 211; baseline -0.003 -22"><span class='ocrx_word' id='word_1_1' title='bbox 198 186 211 211; x_wconf 85' lang='lat'>·:.</span> <span class='ocrx_word' id='word_1_2' title='bbox 224 148 268 204; x_wconf 67' lang='lat'>38</span> <span class='ocrx_word' id='word_1_3' title='bbox 796 135 966 186; x_wconf 62' lang='lat' dir='ltr'>‘l‘homae</span> <span class='ocrx_word' id='word_1_4' title='bbox 977 131 1269 184; x_wconf 61' lang='lat' dir='ltr'>OEradwardmi</span> <span class='ocrx_word' id='word_1_5' title='bbox 1672 132 1717 182; x_wconf 96' lang='lat' dir='ltr'>L</span> <span class='ocrx_word' id='word_1_6' title='bbox 1737 152 1750 181; x_wconf 91' lang='lat'>1</span> <span class='ocrx_word' id='word_1_7' title='bbox 1767 153 1806 181; x_wconf 78' lang='grc' dir='ltr'>Β.</span> <span class='ocrx_word' id='word_1_8' title='bbox 1815 151 1843 184; x_wconf 84' lang='lat' dir='ltr'>i.</span> 
     </span>
    </p>
   </div>
   <div class='ocr_carea' id='block_1_2' title="bbox 153 223 1881 2907">
    <p class='ocr_par' dir='ltr' id='par_1_2' title="bbox 320 223 1881 1967">
     <span class='ocr_line' id='line_1_2' title="bbox 321 223 1871 272; baseline -0.004 -7"><span class='ocrx_word' id='word_1_9' title='bbox 321 236 455 265; x_wconf 87' lang='lat' dir='ltr'>minimis</span> <span class='ocrx_word' id='word_1_10' title='bbox 470 231 530 264; x_wconf 82' lang='lat' dir='ltr'>istis</span> <span class='ocrx_word' id='word_1_11' title='bbox 537 230 658 262; x_wconf 85' lang='lat' dir='ltr'>calicem</span> <span class='ocrx_word' id='word_1_12' title='bbox 670 239 756 272; x_wconf 76' lang='lat' dir='ltr'>aquae</span> <span class='ocrx_word' id='word_1_13' title='bbox 764 226 878 272; x_wconf 66' lang='lat' dir='ltr'>fijgidae</span> <span class='ocrx_word' id='word_1_14' title='bbox 886 236 1001 260; x_wconf 88' lang='lat' dir='ltr'>tantum</span> <span class='ocrx_word' id='word_1_15' title='bbox 1010 227 1040 258; x_wconf 93' lang='lat' dir='ltr'>in</span> <span class='ocrx_word' id='word_1_16' title='bbox 1057 227 1186 257; x_wconf 89' lang='lat' dir='ltr'>nomine</span> <span class='ocrx_word' id='word_1_17' title='bbox 1197 223 1328 268; x_wconf 85' lang='lat' dir='ltr'>discipuli</span> <span class='ocrx_word' id='word_1_18' title='bbox 1336 249 1346 262; x_wconf 88' lang='lat'><em>,</em></span> <span class='ocrx_word' id='word_1_19' title='bbox 1369 226 1474 258; x_wconf 83' lang='lat' dir='ltr'>Amen</span> <span class='ocrx_word' id='word_1_20' title='bbox 1485 224 1554 259; x_wconf 89' lang='lat' dir='ltr'>dico</span> <span class='ocrx_word' id='word_1_21' title='bbox 1562 224 1652 258; x_wconf 90' lang='lat' dir='ltr'>vobis</span> <span class='ocrx_word' id='word_1_22' title='bbox 1661 250 1671 265; x_wconf 93' lang='lat'>,</span> <span class='ocrx_word' id='word_1_23' title='bbox 1680 237 1741 259; x_wconf 91' lang='lat' dir='ltr'>non</span> <span class='ocrx_word' id='word_1_24' title='bbox 1749 238 1813 271; x_wconf 85' lang='lat' dir='ltr'>pet-</span> <span class='ocrx_word' id='word_1_25' title='bbox 1839 233 1871 266; x_wconf 81' lang='grc' dir='ltr'><strong>Α</strong></span> 
     </span>
     <span class='ocr_line' id='line_1_3' title="bbox 321 268 1816 314; baseline -0.005 -2"><span class='ocrx_word' id='word_1_26' title='bbox 321 279 371 312; x_wconf 86' lang='lat' dir='ltr'>det</span> <span class='ocrx_word' id='word_1_27' title='bbox 382 276 550 311; x_wconf 82' lang='lat' dir='ltr'>mercedem</span> <span class='ocrx_word' id='word_1_28' title='bbox 563 275 658 308; x_wconf 86' lang='lat' dir='ltr'>suam.</span> <span class='ocrx_word' id='word_1_29' title='bbox 700 273 760 307; x_wconf 81' lang='lat' dir='ltr'>Sed</span> <span class='ocrx_word' id='word_1_30' title='bbox 769 272 915 311; x_wconf 88' lang='lat' dir='ltr'>obijcient</span> <span class='ocrx_word' id='word_1_31' title='bbox 923 270 1020 304; x_wconf 80' lang='lat' dir='ltr'>forsan</span> <span class='ocrx_word' id='word_1_32' title='bbox 1030 271 1073 303; x_wconf 89' lang='lat' dir='ltr'>isti</span> <span class='ocrx_word' id='word_1_33' title='bbox 1081 295 1090 309; x_wconf 89' lang='lat'>,</span> <span class='ocrx_word' id='word_1_34' title='bbox 1107 270 1190 314; x_wconf 89' lang='lat' dir='ltr'>quod</span> <span class='ocrx_word' id='word_1_35' title='bbox 1200 270 1220 302; x_wconf 91' lang='lat' dir='ltr'>si</span> <span class='ocrx_word' id='word_1_36' title='bbox 1230 269 1327 303; x_wconf 83' lang='lat' dir='ltr'>nuilus</span> <span class='ocrx_word' id='word_1_37' title='bbox 1336 268 1434 314; x_wconf 86' lang='lat' dir='ltr'>poffet</span> <span class='ocrx_word' id='word_1_38' title='bbox 1442 270 1565 314; x_wconf 85' lang='lat' dir='ltr'>diligere</span> <span class='ocrx_word' id='word_1_39' title='bbox 1573 272 1677 303; x_wconf 88' lang='lat' dir='ltr'>Deum</span> <span class='ocrx_word' id='word_1_40' title='bbox 1692 282 1729 304; x_wconf 90' lang='lat' dir='ltr'>ex</span> <span class='ocrx_word' id='word_1_41' title='bbox 1747 284 1816 306; x_wconf 91' lang='lat' dir='ltr'>toto</span> 
     </span>
     <span class='ocr_line' id='line_1_4' title="bbox 320 315 1818 362; baseline -0.003 -6"><span class='ocrx_word' id='word_1_42' title='bbox 320 324 490 362; x_wconf 74' lang='lat' dir='ltr'>cordc,&amp;c.</span> <span class='ocrx_word' id='word_1_43' title='bbox 499 329 530 356; x_wconf 70' lang='grc' dir='ltr'>ὅ(</span> <span class='ocrx_word' id='word_1_44' title='bbox 542 321 638 354; x_wconf 82' lang='lat' dir='ltr'>facere</span> <span class='ocrx_word' id='word_1_45' title='bbox 649 330 754 353; x_wconf 87' lang='lat' dir='ltr'>omnia</span> <span class='ocrx_word' id='word_1_46' title='bbox 762 317 899 352; x_wconf 80' lang='lat' dir='ltr'>facienda</span> <span class='ocrx_word' id='word_1_47' title='bbox 909 341 918 354; x_wconf 86' lang='lat'><em>,</em></span> <span class='ocrx_word' id='word_1_48' title='bbox 931 324 962 350; x_wconf 66' lang='grc' dir='ltr'>εξ</span> <span class='ocrx_word' id='word_1_49' title='bbox 972 316 1122 350; x_wconf 83' lang='lat' dir='ltr'>dimittere</span> <span class='ocrx_word' id='word_1_50' title='bbox 1130 318 1237 349; x_wconf 88' lang='lat' dir='ltr'>omnia</span> <span class='ocrx_word' id='word_1_51' title='bbox 1246 315 1428 349; x_wconf 86' lang='lat' dir='ltr'>dimittenda</span> <span class='ocrx_word' id='word_1_52' title='bbox 1435 319 1565 360; x_wconf 88' lang='lat' dir='ltr'>gratuito</span> <span class='ocrx_word' id='word_1_53' title='bbox 1573 327 1695 362; x_wconf 84' lang='lat' dir='ltr'>propter</span> <span class='ocrx_word' id='word_1_54' title='bbox 1702 319 1818 357; x_wconf 86' lang='lat' dir='ltr'>Deum,</span> 
     </span>
     <span class='ocr_line' id='line_1_5' title="bbox 321 359 1819 412; baseline -0.005 -10"><span class='ocrx_word' id='word_1_55' title='bbox 321 368 375 402; x_wconf 83' lang='lat' dir='ltr'>nisi</span> <span class='ocrx_word' id='word_1_56' title='bbox 388 370 455 400; x_wconf 82' lang='lat' dir='ltr'>essct</span> <span class='ocrx_word' id='word_1_57' title='bbox 466 370 494 400; x_wconf 87' lang='lat' dir='ltr'>in</span> <span class='ocrx_word' id='word_1_58' title='bbox 506 370 600 412; x_wconf 86' lang='lat' dir='ltr'>gratia</span> <span class='ocrx_word' id='word_1_59' title='bbox 610 366 761 399; x_wconf 85' lang='lat' dir='ltr'>charitatis</span> <span class='ocrx_word' id='word_1_60' title='bbox 772 376 782 399; x_wconf 89' lang='lat'>·,</span> <span class='ocrx_word' id='word_1_61' title='bbox 798 374 872 398; x_wconf 85' lang='lat' dir='ltr'>tunc</span> <span class='ocrx_word' id='word_1_62' title='bbox 885 361 980 407; x_wconf 78' lang='lat' dir='ltr'>posset</span> <span class='ocrx_word' id='word_1_63' title='bbox 989 362 1087 396; x_wconf 90' lang='lat' dir='ltr'>homo</span> <span class='ocrx_word' id='word_1_64' title='bbox 1103 362 1175 394; x_wconf 87' lang='lat' dir='ltr'>scire</span> <span class='ocrx_word' id='word_1_65' title='bbox 1182 361 1307 406; x_wconf 89' lang='lat' dir='ltr'>quando</span> <span class='ocrx_word' id='word_1_66' title='bbox 1323 359 1393 394; x_wconf 83' lang='lat' dir='ltr'>effer</span> <span class='ocrx_word' id='word_1_67' title='bbox 1402 363 1431 394; x_wconf 91' lang='lat' dir='ltr'>in</span> <span class='ocrx_word' id='word_1_68' title='bbox 1441 365 1534 404; x_wconf 89' lang='lat' dir='ltr'>gratia</span> <span class='ocrx_word' id='word_1_69' title='bbox 1543 361 1693 396; x_wconf 79' lang='lat' dir='ltr'>charitatis</span> <span class='ocrx_word' id='word_1_70' title='bbox 1701 374 1819 402; x_wconf 86' lang='lat' dir='ltr'>‚contra</span> 
     </span>
     <span class='ocr_line' id='line_1_6' title="bbox 321 407 1820 453; baseline -0.004 -6"><span class='ocrx_word' id='word_1_71' title='bbox 321 414 394 447; x_wconf 86' lang='lat' dir='ltr'>illud</span> <span class='ocrx_word' id='word_1_72' title='bbox 408 414 519 446; x_wconf 81' lang='lat' dir='ltr'>Ecclel&#39;.</span> <span class='ocrx_word' id='word_1_73' title='bbox 528 425 558 451; x_wconf 88' lang='lat'>9.</span> <span class='ocrx_word' id='word_1_74' title='bbox 583 413 690 445; x_wconf 84' lang='lat' dir='ltr'>Nescit</span> <span class='ocrx_word' id='word_1_75' title='bbox 700 411 918 449; x_wconf 82' lang='lat' dir='ltr'>liomo‚vtriim</span> <span class='ocrx_word' id='word_1_76' title='bbox 928 419 1047 445; x_wconf 86' lang='lat' dir='ltr'>amore,</span> <span class='ocrx_word' id='word_1_77' title='bbox 1065 419 1104 441; x_wconf 87' lang='lat' dir='ltr'>an</span> <span class='ocrx_word' id='word_1_78' title='bbox 1111 407 1188 440; x_wconf 92' lang='lat' dir='ltr'>odio</span> <span class='ocrx_word' id='word_1_79' title='bbox 1199 407 1307 451; x_wconf 85' lang='lat' dir='ltr'>dignus</span> <span class='ocrx_word' id='word_1_80' title='bbox 1316 407 1361 440; x_wconf 88' lang='lat' dir='ltr'>fit.</span> <span class='ocrx_word' id='word_1_81' title='bbox 1391 407 1471 440; x_wconf 84' lang='lat' dir='ltr'>Item</span> <span class='ocrx_word' id='word_1_82' title='bbox 1481 408 1548 441; x_wconf 91' lang='lat' dir='ltr'>talia</span> <span class='ocrx_word' id='word_1_83' title='bbox 1558 419 1653 452; x_wconf 89' lang='lat' dir='ltr'>opera</span> <span class='ocrx_word' id='word_1_84' title='bbox 1668 410 1820 453; x_wconf 86' lang='lat' dir='ltr'>magnalia</span> 
     </span>
     <span class='ocr_line' id='line_1_7' title="bbox 322 451 1820 504; baseline -0.003 -13"><span class='ocrx_word' id='word_1_85' title='bbox 322 461 446 504; x_wconf 85' lang='lat' dir='ltr'>possunt</span> <span class='ocrx_word' id='word_1_86' title='bbox 455 458 516 493; x_wconf 86' lang='lat' dir='ltr'>fieri</span> <span class='ocrx_word' id='word_1_87' title='bbox 527 456 638 501; x_wconf 81' lang='lat' dir='ltr'>absque</span> <span class='ocrx_word' id='word_1_88' title='bbox 647 459 739 501; x_wconf 80' lang='lat' dir='ltr'>gratia</span> <span class='ocrx_word' id='word_1_89' title='bbox 748 456 916 489; x_wconf 82' lang='lat' dir='ltr'>charitatis:</span> <span class='ocrx_word' id='word_1_90' title='bbox 939 454 1040 488; x_wconf 83' lang='lat' dir='ltr'>Potest</span> <span class='ocrx_word' id='word_1_91' title='bbox 1046 454 1129 487; x_wconf 87' lang='lat' dir='ltr'>enim</span> <span class='ocrx_word' id='word_1_92' title='bbox 1144 454 1210 497; x_wconf 86' lang='lat' dir='ltr'>quis</span> <span class='ocrx_word' id='word_1_93' title='bbox 1219 451 1333 496; x_wconf 84' lang='lat' dir='ltr'>absque</span> <span class='ocrx_word' id='word_1_94' title='bbox 1343 452 1487 487; x_wconf 84' lang='lat' dir='ltr'>charitate</span> <span class='ocrx_word' id='word_1_95' title='bbox 1497 477 1507 493; x_wconf 90' lang='lat'>,</span> <span class='ocrx_word' id='word_1_96' title='bbox 1521 465 1553 487; x_wconf 92' lang='lat' dir='ltr'>vt</span> <span class='ocrx_word' id='word_1_97' title='bbox 1561 464 1642 498; x_wconf 89' lang='lat' dir='ltr'>patet</span> <span class='ocrx_word' id='word_1_98' title='bbox 1654 465 1683 488; x_wconf 86' lang='lat'>1.</span> <span class='ocrx_word' id='word_1_99' title='bbox 1692 456 1731 489; x_wconf 81' lang='lat' dir='ltr'>ad</span> <span class='ocrx_word' id='word_1_100' title='bbox 1739 456 1820 490; x_wconf 82' lang='lat' dir='ltr'>Cor.</span> 
     </span>
     <span class='ocr_line' id='line_1_8' title="bbox 325 499 1820 546; baseline -0.003 -8"><span class='ocrx_word' id='word_1_101' title='bbox 325 516 337 538; x_wconf 85' lang='lat' dir='ltr'>i</span> <span class='ocrx_word' id='word_1_102' title='bbox 347 517 376 546; x_wconf 75' lang='lat'>3.</span> <span class='ocrx_word' id='word_1_103' title='bbox 388 504 498 538; x_wconf 70' lang='lat' dir='ltr'>habere</span> <span class='ocrx_word' id='word_1_104' title='bbox 507 515 634 538; x_wconf 87' lang='lat' dir='ltr'>omnem</span> <span class='ocrx_word' id='word_1_105' title='bbox 646 503 736 537; x_wconf 83' lang='lat' dir='ltr'>fidem</span> <span class='ocrx_word' id='word_1_106' title='bbox 748 528 758 541; x_wconf 91' lang='lat'>,</span> <span class='ocrx_word' id='word_1_107' title='bbox 774 508 804 536; x_wconf 86' lang='lat'>&amp;</span> <span class='ocrx_word' id='word_1_108' title='bbox 814 501 912 534; x_wconf 86' lang='lat' dir='ltr'>facere</span> <span class='ocrx_word' id='word_1_109' title='bbox 922 500 1068 533; x_wconf 86' lang='lat' dir='ltr'>miracula</span> <span class='ocrx_word' id='word_1_110' title='bbox 1076 500 1211 532; x_wconf 84' lang='lat' dir='ltr'>maxima</span> <span class='ocrx_word' id='word_1_111' title='bbox 1220 522 1229 536; x_wconf 90' lang='lat'>‚</span> <span class='ocrx_word' id='word_1_112' title='bbox 1238 499 1279 532; x_wconf 90' lang='lat' dir='ltr'>ita</span> <span class='ocrx_word' id='word_1_113' title='bbox 1291 509 1324 531; x_wconf 90' lang='lat' dir='ltr'>vt</span> <span class='ocrx_word' id='word_1_114' title='bbox 1332 510 1452 532; x_wconf 78' lang='lat' dir='ltr'>montes</span> <span class='ocrx_word' id='word_1_115' title='bbox 1462 501 1634 538; x_wconf 74' lang='lat' dir='ltr'>transierat,</span> <span class='ocrx_word' id='word_1_116' title='bbox 1644 499 1820 535; x_wconf 82' lang='lat' dir='ltr'>distribuere</span> 
     </span>
     <span class='ocr_line' id='line_1_9' title="bbox 322 544 1820 591; baseline -0.002 -9"><span class='ocrx_word' id='word_1_117' title='bbox 322 562 433 584; x_wconf 85' lang='lat' dir='ltr'>omnes</span> <span class='ocrx_word' id='word_1_118' title='bbox 444 550 598 584; x_wconf 78' lang='lat' dir='ltr'>facultates</span> <span class='ocrx_word' id='word_1_119' title='bbox 608 551 670 582; x_wconf 86' lang='lat' dir='ltr'>suas</span> <span class='ocrx_word' id='word_1_120' title='bbox 680 549 710 580; x_wconf 90' lang='lat' dir='ltr'>in</span> <span class='ocrx_word' id='word_1_121' title='bbox 721 548 806 581; x_wconf 87' lang='lat' dir='ltr'>cibos</span> <span class='ocrx_word' id='word_1_122' title='bbox 816 557 983 591; x_wconf 88' lang='lat' dir='ltr'>pauperum</span> <span class='ocrx_word' id='word_1_123' title='bbox 992 571 1002 586; x_wconf 93' lang='lat'>,</span> <span class='ocrx_word' id='word_1_124' title='bbox 1025 544 1057 579; x_wconf 85' lang='lat'>&amp;</span> <span class='ocrx_word' id='word_1_125' title='bbox 1065 544 1181 579; x_wconf 80' lang='lat' dir='ltr'>tradere</span> <span class='ocrx_word' id='word_1_126' title='bbox 1187 555 1297 589; x_wconf 84' lang='lat' dir='ltr'>corpus</span> <span class='ocrx_word' id='word_1_127' title='bbox 1305 545 1390 577; x_wconf 88' lang='lat' dir='ltr'>suum</span> <span class='ocrx_word' id='word_1_128' title='bbox 1399 545 1440 577; x_wconf 86' lang='lat' dir='ltr'>ita</span> <span class='ocrx_word' id='word_1_129' title='bbox 1449 555 1481 578; x_wconf 92' lang='lat' dir='ltr'>vt</span> <span class='ocrx_word' id='word_1_130' title='bbox 1491 545 1603 578; x_wconf 79' lang='lat' dir='ltr'>ardeat.</span> <span class='ocrx_word' id='word_1_131' title='bbox 1625 544 1677 576; x_wconf 87' lang='lat' dir='ltr'>Ad</span> <span class='ocrx_word' id='word_1_132' title='bbox 1687 547 1820 591; x_wconf 85' lang='lat' dir='ltr'>primurn</span> 
     </span>
     <span class='ocr_line' id='line_1_10' title="bbox 323 583 1821 642; baseline -0.003 -13"><span class='ocrx_word' id='word_1_133' title='bbox 323 596 483 629; x_wconf 60' lang='lat' dir='ltr'>obieetum</span> <span class='ocrx_word' id='word_1_134' title='bbox 495 606 577 642; x_wconf 78' lang='lat' dir='ltr'>patet</span> <span class='ocrx_word' id='word_1_135' title='bbox 585 606 637 640; x_wconf 89' lang='lat' dir='ltr'>pet</span> <span class='ocrx_word' id='word_1_136' title='bbox 645 594 726 628; x_wconf 75' lang='lat' dir='ltr'>dieta</span> <span class='ocrx_word' id='word_1_137' title='bbox 738 593 883 638; x_wconf 80' lang='lat' dir='ltr'>vigesimo</span> <span class='ocrx_word' id='word_1_138' title='bbox 897 592 1005 636; x_wconf 87' lang='lat' dir='ltr'>quinto</span> <span class='ocrx_word' id='word_1_139' title='bbox 1016 590 1104 624; x_wconf 87' lang='lat' dir='ltr'>huius</span> <span class='ocrx_word' id='word_1_140' title='bbox 1114 615 1123 630; x_wconf 94' lang='lat'>‚</span> <span class='ocrx_word' id='word_1_141' title='bbox 1131 583 1218 635; x_wconf 86' lang='lat' dir='ltr'>quod</span> <span class='ocrx_word' id='word_1_142' title='bbox 1231 590 1341 635; x_wconf 89' lang='lat' dir='ltr'>aliquis</span> <span class='ocrx_word' id='word_1_143' title='bbox 1348 590 1573 635; x_wconf 85' lang='lat' dir='ltr'>praedestinatus</span> <span class='ocrx_word' id='word_1_144' title='bbox 1589 590 1627 624; x_wconf 91' lang='lat' dir='ltr'>ad</span> <span class='ocrx_word' id='word_1_145' title='bbox 1636 593 1730 625; x_wconf 89' lang='lat' dir='ltr'>vitam</span> <span class='ocrx_word' id='word_1_146' title='bbox 1741 615 1749 629; x_wconf 89' lang='lat'><strong>,</strong></span> <span class='ocrx_word' id='word_1_147' title='bbox 1758 595 1821 625; x_wconf 87' lang='lat' dir='ltr'>exi-</span> 
     </span>
     <span class='ocr_line' id='line_1_11' title="bbox 336 634 1822 685; baseline -0.003 -10"><span class='ocrx_word' id='word_1_148' title='bbox 336 646 399 675; x_wconf 63' lang='lat' dir='ltr'>iens</span> <span class='ocrx_word' id='word_1_149' title='bbox 409 645 439 675; x_wconf 88' lang='lat' dir='ltr'>iii</span> <span class='ocrx_word' id='word_1_150' title='bbox 450 652 575 685; x_wconf 87' lang='lat' dir='ltr'>peccato</span> <span class='ocrx_word' id='word_1_151' title='bbox 584 641 704 674; x_wconf 82' lang='lat' dir='ltr'>mortali</span> <span class='ocrx_word' id='word_1_152' title='bbox 713 637 908 684; x_wconf 82' lang='lat' dir='ltr'>grauissimo,</span> <span class='ocrx_word' id='word_1_153' title='bbox 923 634 995 670; x_wconf 88' lang='lat' dir='ltr'>ficut</span> <span class='ocrx_word' id='word_1_154' title='bbox 1003 636 1059 670; x_wconf 83' lang='lat' dir='ltr'>fuit</span> <span class='ocrx_word' id='word_1_155' title='bbox 1068 637 1170 669; x_wconf 85' lang='lat' dir='ltr'>Dauid</span> <span class='ocrx_word' id='word_1_156' title='bbox 1181 660 1190 673; x_wconf 92' lang='lat'>‚</span> <span class='ocrx_word' id='word_1_157' title='bbox 1201 635 1328 680; x_wconf 88' lang='lat' dir='ltr'>quando</span> <span class='ocrx_word' id='word_1_158' title='bbox 1337 646 1465 681; x_wconf 88' lang='lat' dir='ltr'>propter</span> <span class='ocrx_word' id='word_1_159' title='bbox 1478 636 1657 670; x_wconf 83' lang='lat' dir='ltr'>adulterium</span> <span class='ocrx_word' id='word_1_160' title='bbox 1668 637 1822 675; x_wconf 89' lang='lat' dir='ltr'>‚dolosum</span> 
     </span>
     <span class='ocr_line' id='line_1_12' title="bbox 324 680 1821 725; baseline -0.001 -5"><span class='ocrx_word' id='word_1_161' title='bbox 324 688 526 721; x_wconf 81' lang='lat' dir='ltr'>homicidium</span> <span class='ocrx_word' id='word_1_162' title='bbox 536 684 749 720; x_wconf 82' lang='lat' dir='ltr'>committebat</span> <span class='ocrx_word' id='word_1_163' title='bbox 759 696 840 722; x_wconf 91' lang='lat' dir='ltr'>,non</span> <span class='ocrx_word' id='word_1_164' title='bbox 848 684 950 717; x_wconf 88' lang='lat' dir='ltr'>minus</span> <span class='ocrx_word' id='word_1_165' title='bbox 958 693 1030 716; x_wconf 90' lang='lat' dir='ltr'>tunc</span> <span class='ocrx_word' id='word_1_166' title='bbox 1045 680 1230 715; x_wconf 77' lang='lat' dir='ltr'>amabatura</span> <span class='ocrx_word' id='word_1_167' title='bbox 1239 683 1308 714; x_wconf 89' lang='lat' dir='ltr'>Deo</span> <span class='ocrx_word' id='word_1_168' title='bbox 1317 706 1327 721; x_wconf 93' lang='lat'>,</span> <span class='ocrx_word' id='word_1_169' title='bbox 1339 682 1431 725; x_wconf 77' lang='lat' dir='ltr'>quam</span> <span class='ocrx_word' id='word_1_170' title='bbox 1441 681 1632 716; x_wconf 85' lang='lat' dir='ltr'>amabiturin</span> <span class='ocrx_word' id='word_1_171' title='bbox 1643 682 1762 717; x_wconf 61' lang='lat' dir='ltr'>futuros</span> <span class='ocrx_word' id='word_1_172' title='bbox 1788 691 1821 718; x_wconf 70' lang='grc' dir='ltr'>δε</span> 
     </span>
     <span class='ocr_line' id='line_1_13' title="bbox 324 726 1820 778; baseline -0.003 -12"><span class='ocrx_word' id='word_1_173' title='bbox 324 734 457 766; x_wconf 83' lang='lat' dir='ltr'>similiter</span> <span class='ocrx_word' id='word_1_174' title='bbox 471 731 624 778; x_wconf 80' lang='lat' dir='ltr'>praescitus</span> <span class='ocrx_word' id='word_1_175' title='bbox 633 731 670 764; x_wconf 84' lang='lat' dir='ltr'>ad</span> <span class='ocrx_word' id='word_1_176' title='bbox 680 741 810 764; x_wconf 90' lang='lat' dir='ltr'>mortem</span> <span class='ocrx_word' id='word_1_177' title='bbox 825 729 953 763; x_wconf 79' lang='lat' dir='ltr'>existens</span> <span class='ocrx_word' id='word_1_178' title='bbox 967 730 998 761; x_wconf 91' lang='lat' dir='ltr'>in</span> <span class='ocrx_word' id='word_1_179' title='bbox 1008 729 1143 762; x_wconf 80' lang='lat' dir='ltr'>maxima</span> <span class='ocrx_word' id='word_1_180' title='bbox 1150 726 1294 761; x_wconf 85' lang='lat' dir='ltr'>charitate</span> <span class='ocrx_word' id='word_1_181' title='bbox 1302 752 1312 767; x_wconf 86' lang='lat'>,</span> <span class='ocrx_word' id='word_1_182' title='bbox 1321 738 1386 760; x_wconf 91' lang='lat' dir='ltr'>non</span> <span class='ocrx_word' id='word_1_183' title='bbox 1401 730 1499 761; x_wconf 84' lang='lat' dir='ltr'>minus</span> <span class='ocrx_word' id='word_1_184' title='bbox 1510 738 1582 761; x_wconf 89' lang='lat' dir='ltr'>tunc</span> <span class='ocrx_word' id='word_1_185' title='bbox 1592 727 1695 761; x_wconf 90' lang='lat' dir='ltr'>oditur</span> <span class='ocrx_word' id='word_1_186' title='bbox 1704 730 1720 761; x_wconf 76' lang='grc' dir='ltr'>ἐι</span> <span class='ocrx_word' id='word_1_187' title='bbox 1728 731 1799 762; x_wconf 86' lang='lat' dir='ltr'>Deo</span> <span class='ocrx_word' id='word_1_188' title='bbox 1808 753 1820 768; x_wconf 88' lang='lat'>‚</span> 
     </span>
     <span class='ocr_line' id='line_1_14' title="bbox 323 772 1857 823; baseline -0.003 -12"><span class='ocrx_word' id='word_1_189' title='bbox 323 782 419 823; x_wconf 63' lang='lat' dir='ltr'>quam</span> <span class='ocrx_word' id='word_1_190' title='bbox 431 790 564 823; x_wconf 77' lang='lat' dir='ltr'>vnquam</span> <span class='ocrx_word' id='word_1_191' title='bbox 572 778 692 811; x_wconf 87' lang='lat' dir='ltr'>odietur</span> <span class='ocrx_word' id='word_1_192' title='bbox 701 776 766 823; x_wconf 87' lang='lat' dir='ltr'>poss</span> <span class='ocrx_word' id='word_1_193' title='bbox 776 776 893 820; x_wconf 89' lang='lat' dir='ltr'>lapsum</span> <span class='ocrx_word' id='word_1_194' title='bbox 902 773 1173 818; x_wconf 77' lang='lat' dir='ltr'>profundissimum</span> <span class='ocrx_word' id='word_1_195' title='bbox 1181 775 1212 806; x_wconf 91' lang='lat' dir='ltr'>in</span> <span class='ocrx_word' id='word_1_196' title='bbox 1225 783 1394 816; x_wconf 88' lang='lat' dir='ltr'>peccatum,</span> <span class='ocrx_word' id='word_1_197' title='bbox 1403 773 1434 807; x_wconf 77' lang='grc' dir='ltr'>ὅ(</span> <span class='ocrx_word' id='word_1_198' title='bbox 1441 784 1580 818; x_wconf 74' lang='lat' dir='ltr'>petriam,</span> <span class='ocrx_word' id='word_1_199' title='bbox 1588 772 1659 807; x_wconf 88' lang='lat' dir='ltr'>ficut</span> <span class='ocrx_word' id='word_1_200' title='bbox 1667 775 1721 809; x_wconf 86' lang='lat' dir='ltr'>fuit</span> <span class='ocrx_word' id='word_1_201' title='bbox 1728 775 1765 808; x_wconf 87' lang='lat' dir='ltr'>de</span> <span class='ocrx_word' id='word_1_202' title='bbox 1773 775 1820 808; x_wconf 90' lang='lat' dir='ltr'>Iu·</span> <span class='ocrx_word' id='word_1_203' title='bbox 1832 790 1857 822; x_wconf 78' lang='grc' dir='ltr'>Β</span> 
     </span>
     <span class='ocr_line' id='line_1_15' title="bbox 325 817 1820 864; baseline -0.001 -7"><span class='ocrx_word' id='word_1_204' title='bbox 325 827 363 858; x_wconf 70' lang='lat' dir='ltr'>da</span> <span class='ocrx_word' id='word_1_205' title='bbox 372 825 503 858; x_wconf 87' lang='lat' dir='ltr'>Domini</span> <span class='ocrx_word' id='word_1_206' title='bbox 514 824 659 858; x_wconf 75' lang='lat' dir='ltr'>traditore</span> <span class='ocrx_word' id='word_1_207' title='bbox 667 847 679 862; x_wconf 85' lang='lat'>‚</span> <span class='ocrx_word' id='word_1_208' title='bbox 695 821 747 855; x_wconf 84' lang='lat' dir='ltr'>nisi</span> <span class='ocrx_word' id='word_1_209' title='bbox 756 818 859 855; x_wconf 83' lang='lat' dir='ltr'>forsan</span> <span class='ocrx_word' id='word_1_210' title='bbox 875 818 1037 853; x_wconf 73' lang='lat' dir='ltr'>secundum</span> <span class='ocrx_word' id='word_1_211' title='bbox 1051 818 1230 864; x_wconf 69' lang='lat' dir='ltr'>praesentem</span> <span class='ocrx_word' id='word_1_212' title='bbox 1238 817 1390 856; x_wconf 81' lang='lat' dir='ltr'>iustitiam,</span> <span class='ocrx_word' id='word_1_213' title='bbox 1399 818 1430 853; x_wconf 74' lang='grc' dir='ltr'>ἃ</span> <span class='ocrx_word' id='word_1_214' title='bbox 1437 818 1602 863; x_wconf 85' lang='lat' dir='ltr'>plurimum</span> <span class='ocrx_word' id='word_1_215' title='bbox 1611 819 1820 855; x_wconf 75' lang='lat' dir='ltr'>transmunue.</span> 
     </span>
     <span class='ocr_line' id='line_1_16' title="bbox 327 863 1822 915; baseline -0.003 -12"><span class='ocrx_word' id='word_1_216' title='bbox 327 870 573 915; x_wconf 87' lang='lat' dir='ltr'>Ideoqueiiullus</span> <span class='ocrx_word' id='word_1_217' title='bbox 582 868 744 902; x_wconf 91' lang='lat' dir='ltr'>hominurn</span> <span class='ocrx_word' id='word_1_218' title='bbox 755 868 849 912; x_wconf 89' lang='lat' dir='ltr'>potest</span> <span class='ocrx_word' id='word_1_219' title='bbox 858 865 928 899; x_wconf 88' lang='lat' dir='ltr'>scire</span> <span class='ocrx_word' id='word_1_220' title='bbox 937 890 948 906; x_wconf 87' lang='lat'><strong>,</strong></span> <span class='ocrx_word' id='word_1_221' title='bbox 961 876 1064 899; x_wconf 87' lang='lat' dir='ltr'>vtrum</span> <span class='ocrx_word' id='word_1_222' title='bbox 1074 864 1149 898; x_wconf 92' lang='lat' dir='ltr'>odio</span> <span class='ocrx_word' id='word_1_223' title='bbox 1165 864 1212 898; x_wconf 89' lang='lat' dir='ltr'>vel</span> <span class='ocrx_word' id='word_1_224' title='bbox 1220 875 1326 898; x_wconf 87' lang='lat' dir='ltr'>amore</span> <span class='ocrx_word' id='word_1_225' title='bbox 1335 863 1446 909; x_wconf 85' lang='lat' dir='ltr'>dignus</span> <span class='ocrx_word' id='word_1_226' title='bbox 1460 863 1494 897; x_wconf 86' lang='lat' dir='ltr'>fit</span> <span class='ocrx_word' id='word_1_227' title='bbox 1504 890 1513 905; x_wconf 91' lang='lat'><em>,</em></span> <span class='ocrx_word' id='word_1_228' title='bbox 1533 866 1604 909; x_wconf 85' lang='lat' dir='ltr'>quia</span> <span class='ocrx_word' id='word_1_229' title='bbox 1612 866 1822 911; x_wconf 83' lang='lat' dir='ltr'>qualiscunque</span> 
     </span>
     <span class='ocr_line' id='line_1_17' title="bbox 326 908 1824 958; baseline -0.003 -9"><span class='ocrx_word' id='word_1_230' title='bbox 326 917 359 950; x_wconf 69' lang='lat' dir='ltr'>fit</span> <span class='ocrx_word' id='word_1_231' title='bbox 368 916 465 949; x_wconf 83' lang='lat' dir='ltr'>niodo</span> <span class='ocrx_word' id='word_1_232' title='bbox 475 941 484 955; x_wconf 88' lang='lat'>‚</span> <span class='ocrx_word' id='word_1_233' title='bbox 506 914 597 950; x_wconf 89' lang='lat' dir='ltr'>nescit</span> <span class='ocrx_word' id='word_1_234' title='bbox 610 914 724 949; x_wconf 85' lang='lat' dir='ltr'>exitum</span> <span class='ocrx_word' id='word_1_235' title='bbox 741 924 835 958; x_wconf 85' lang='lat' dir='ltr'>quem</span> <span class='ocrx_word' id='word_1_236' title='bbox 843 910 969 945; x_wconf 89' lang='lat' dir='ltr'>habebit</span> <span class='ocrx_word' id='word_1_237' title='bbox 979 922 1050 952; x_wconf 87' lang='lat' dir='ltr'>‚nec</span> <span class='ocrx_word' id='word_1_238' title='bbox 1059 920 1163 943; x_wconf 90' lang='lat' dir='ltr'>vtrum</span> <span class='ocrx_word' id='word_1_239' title='bbox 1172 909 1207 943; x_wconf 85' lang='lat' dir='ltr'>fit</span> <span class='ocrx_word' id='word_1_240' title='bbox 1222 908 1444 955; x_wconf 64' lang='lat' dir='ltr'>praedestinatus</span> <span class='ocrx_word' id='word_1_241' title='bbox 1457 910 1585 944; x_wconf 84' lang='lat' dir='ltr'>finaliter</span> <span class='ocrx_word' id='word_1_242' title='bbox 1599 911 1677 944; x_wconf 86' lang='lat' dir='ltr'>filius</span> <span class='ocrx_word' id='word_1_243' title='bbox 1692 914 1760 945; x_wconf 80' lang='lat' dir='ltr'>vitae</span> <span class='ocrx_word' id='word_1_244' title='bbox 1773 911 1824 946; x_wconf 90' lang='lat' dir='ltr'>vel</span> 
     </span>
     <span class='ocr_line' id='line_1_18' title="bbox 326 955 1824 1005; baseline -0.003 -11"><span class='ocrx_word' id='word_1_245' title='bbox 326 967 447 995; x_wconf 81' lang='lat' dir='ltr'>mortis.</span> <span class='ocrx_word' id='word_1_246' title='bbox 475 963 511 994; x_wconf 82' lang='lat' dir='ltr'>Et</span> <span class='ocrx_word' id='word_1_247' title='bbox 523 962 583 994; x_wconf 82' lang='lat' dir='ltr'>lioc</span> <span class='ocrx_word' id='word_1_248' title='bbox 594 962 634 993; x_wconf 85' lang='lat' dir='ltr'>est</span> <span class='ocrx_word' id='word_1_249' title='bbox 643 958 731 1005; x_wconf 88' lang='lat' dir='ltr'>quod</span> <span class='ocrx_word' id='word_1_250' title='bbox 740 958 849 991; x_wconf 86' lang='lat' dir='ltr'>eadem</span> <span class='ocrx_word' id='word_1_251' title='bbox 858 959 1011 1001; x_wconf 85' lang='lat' dir='ltr'>Scriptura</span> <span class='ocrx_word' id='word_1_252' title='bbox 1023 958 1163 990; x_wconf 84' lang='lat' dir='ltr'>testatur:</span> <span class='ocrx_word' id='word_1_253' title='bbox 1181 957 1265 990; x_wconf 76' lang='lat' dir='ltr'>Cum</span> <span class='ocrx_word' id='word_1_254' title='bbox 1274 957 1355 988; x_wconf 84' lang='lat' dir='ltr'>enim</span> <span class='ocrx_word' id='word_1_255' title='bbox 1367 955 1507 1000; x_wconf 83' lang='lat' dir='ltr'>praemifit</span> <span class='ocrx_word' id='word_1_256' title='bbox 1522 981 1532 996; x_wconf 89' lang='lat'>‚</span> <span class='ocrx_word' id='word_1_257' title='bbox 1558 955 1660 990; x_wconf 87' lang='lat' dir='ltr'>Nescit</span> <span class='ocrx_word' id='word_1_258' title='bbox 1676 956 1776 990; x_wconf 91' lang='lat' dir='ltr'>homo</span> <span class='ocrx_word' id='word_1_259' title='bbox 1791 968 1824 989; x_wconf 87' lang='lat' dir='ltr'>v-</span> 
     </span>
     <span class='ocr_line' id='line_1_19' title="bbox 325 1000 1825 1049; baseline -0.004 -7"><span class='ocrx_word' id='word_1_260' title='bbox 325 1020 406 1042; x_wconf 88' lang='lat' dir='ltr'>trum</span> <span class='ocrx_word' id='word_1_261' title='bbox 416 1018 520 1040; x_wconf 87' lang='lat' dir='ltr'>amore</span> <span class='ocrx_word' id='word_1_262' title='bbox 527 1020 564 1041; x_wconf 80' lang='lat' dir='ltr'>an</span> <span class='ocrx_word' id='word_1_263' title='bbox 575 1006 647 1039; x_wconf 92' lang='lat' dir='ltr'>odio</span> <span class='ocrx_word' id='word_1_264' title='bbox 656 1004 810 1049; x_wconf 83' lang='lat' dir='ltr'>dignusfit</span> <span class='ocrx_word' id='word_1_265' title='bbox 819 1028 828 1042; x_wconf 85' lang='lat'><em>,</em></span> <span class='ocrx_word' id='word_1_266' title='bbox 843 1002 893 1037; x_wconf 82' lang='lat' dir='ltr'>sed</span> <span class='ocrx_word' id='word_1_267' title='bbox 902 1005 1006 1037; x_wconf 91' lang='lat' dir='ltr'>omnia</span> <span class='ocrx_word' id='word_1_268' title='bbox 1012 1008 1043 1036; x_wconf 88' lang='lat' dir='ltr'>in</span> <span class='ocrx_word' id='word_1_269' title='bbox 1050 1001 1186 1036; x_wconf 88' lang='lat' dir='ltr'>futurum</span> <span class='ocrx_word' id='word_1_270' title='bbox 1199 1000 1353 1035; x_wconf 85' lang='lat' dir='ltr'>seruantur</span> <span class='ocrx_word' id='word_1_271' title='bbox 1363 1002 1494 1037; x_wconf 80' lang='lat' dir='ltr'>incerta3</span> <span class='ocrx_word' id='word_1_272' title='bbox 1517 1003 1607 1036; x_wconf 90' lang='lat' dir='ltr'>Nulli</span> <span class='ocrx_word' id='word_1_273' title='bbox 1620 1013 1720 1036; x_wconf 84' lang='lat' dir='ltr'>autem</span> <span class='ocrx_word' id='word_1_274' title='bbox 1735 1002 1825 1037; x_wconf 90' lang='lat' dir='ltr'>dubi-</span> 
     </span>
     <span class='ocr_line' id='line_1_20' title="bbox 327 1045 1824 1097; baseline -0.003 -11"><span class='ocrx_word' id='word_1_275' title='bbox 327 1066 380 1086; x_wconf 90' lang='lat' dir='ltr'>um</span> <span class='ocrx_word' id='word_1_276' title='bbox 392 1079 401 1092; x_wconf 85' lang='lat'><em>,</em></span> <span class='ocrx_word' id='word_1_277' title='bbox 418 1055 490 1096; x_wconf 90' lang='lat' dir='ltr'>quin</span> <span class='ocrx_word' id='word_1_278' title='bbox 503 1053 601 1086; x_wconf 87' lang='lat' dir='ltr'>homo</span> <span class='ocrx_word' id='word_1_279' title='bbox 610 1053 705 1097; x_wconf 79' lang='lat' dir='ltr'>possit</span> <span class='ocrx_word' id='word_1_280' title='bbox 715 1051 787 1084; x_wconf 88' lang='lat' dir='ltr'>scire</span> <span class='ocrx_word' id='word_1_281' title='bbox 796 1048 824 1082; x_wconf 90' lang='lat' dir='ltr'>se</span> <span class='ocrx_word' id='word_1_282' title='bbox 837 1047 894 1082; x_wconf 84' lang='lat' dir='ltr'>effe</span> <span class='ocrx_word' id='word_1_283' title='bbox 903 1049 1033 1092; x_wconf 91' lang='lat' dir='ltr'>dignum</span> <span class='ocrx_word' id='word_1_284' title='bbox 1050 1048 1126 1080; x_wconf 88' lang='lat' dir='ltr'>odio</span> <span class='ocrx_word' id='word_1_285' title='bbox 1136 1045 1303 1081; x_wconf 88' lang='lat' dir='ltr'>secundum</span> <span class='ocrx_word' id='word_1_286' title='bbox 1314 1047 1491 1093; x_wconf 85' lang='lat' dir='ltr'>praesentem</span> <span class='ocrx_word' id='word_1_287' title='bbox 1505 1048 1660 1082; x_wconf 86' lang='lat' dir='ltr'>iustitiam:</span> <span class='ocrx_word' id='word_1_288' title='bbox 1683 1048 1784 1083; x_wconf 87' lang='lat' dir='ltr'>Potest</span> <span class='ocrx_word' id='word_1_289' title='bbox 1794 1061 1824 1082; x_wconf 90' lang='lat' dir='ltr'>e-</span> 
     </span>
     <span class='ocr_line' id='line_1_21' title="bbox 327 1093 1824 1141; baseline -0.005 -9"><span class='ocrx_word' id='word_1_290' title='bbox 327 1102 391 1132; x_wconf 84' lang='lat' dir='ltr'>nim</span> <span class='ocrx_word' id='word_1_291' title='bbox 410 1100 480 1131; x_wconf 88' lang='lat' dir='ltr'>scire</span> <span class='ocrx_word' id='word_1_292' title='bbox 490 1095 518 1131; x_wconf 90' lang='lat' dir='ltr'>se</span> <span class='ocrx_word' id='word_1_293' title='bbox 528 1095 584 1131; x_wconf 76' lang='lat' dir='ltr'>esse</span> <span class='ocrx_word' id='word_1_294' title='bbox 592 1103 622 1131; x_wconf 89' lang='lat' dir='ltr'>in</span> <span class='ocrx_word' id='word_1_295' title='bbox 635 1097 760 1141; x_wconf 83' lang='lat' dir='ltr'>peccatis</span> <span class='ocrx_word' id='word_1_296' title='bbox 777 1093 958 1140; x_wconf 86' lang='lat' dir='ltr'>grauissimis</span> <span class='ocrx_word' id='word_1_297' title='bbox 966 1118 976 1134; x_wconf 91' lang='lat'><em>,</em></span> <span class='ocrx_word' id='word_1_298' title='bbox 985 1095 1057 1129; x_wconf 81' lang='lat' dir='ltr'>&amp;in</span> <span class='ocrx_word' id='word_1_299' title='bbox 1066 1094 1177 1127; x_wconf 68' lang='lat' dir='ltr'>astuali</span> <span class='ocrx_word' id='word_1_300' title='bbox 1186 1093 1343 1127; x_wconf 88' lang='lat' dir='ltr'>voluntate</span> <span class='ocrx_word' id='word_1_301' title='bbox 1353 1093 1530 1137; x_wconf 83' lang='lat' dir='ltr'>grauissima</span> <span class='ocrx_word' id='word_1_302' title='bbox 1539 1094 1767 1134; x_wconf 88' lang='lat' dir='ltr'>committendi,</span> <span class='ocrx_word' id='word_1_303' title='bbox 1792 1102 1824 1130; x_wconf 68' lang='lat' dir='ltr'>s&lt;</span> 
     </span>
     <span class='ocr_line' id='line_1_22' title="bbox 327 1139 1825 1188; baseline -0.003 -10"><span class='ocrx_word' id='word_1_304' title='bbox 327 1157 358 1179; x_wconf 92' lang='lat' dir='ltr'>in</span> <span class='ocrx_word' id='word_1_305' title='bbox 368 1144 576 1188; x_wconf 86' lang='lat' dir='ltr'>desperatione</span> <span class='ocrx_word' id='word_1_306' title='bbox 586 1142 683 1175; x_wconf 86' lang='lat' dir='ltr'>salutis</span> <span class='ocrx_word' id='word_1_307' title='bbox 693 1167 704 1182; x_wconf 92' lang='lat'>‚</span> <span class='ocrx_word' id='word_1_308' title='bbox 724 1141 795 1174; x_wconf 84' lang='lat' dir='ltr'>ficut</span> <span class='ocrx_word' id='word_1_309' title='bbox 804 1141 906 1175; x_wconf 85' lang='lat' dir='ltr'>fuitdc</span> <span class='ocrx_word' id='word_1_310' title='bbox 914 1139 987 1174; x_wconf 87' lang='lat' dir='ltr'>Iuda</span> <span class='ocrx_word' id='word_1_311' title='bbox 996 1140 1028 1175; x_wconf 77' lang='grc' dir='ltr'>ἃ</span> <span class='ocrx_word' id='word_1_312' title='bbox 1036 1140 1138 1183; x_wconf 84' lang='lat' dir='ltr'>Cayn.</span> <span class='ocrx_word' id='word_1_313' title='bbox 1171 1139 1267 1172; x_wconf 81' lang='lat' dir='ltr'>Simili</span> <span class='ocrx_word' id='word_1_314' title='bbox 1277 1150 1400 1183; x_wconf 89' lang='lat' dir='ltr'>quoque</span> <span class='ocrx_word' id='word_1_315' title='bbox 1415 1139 1516 1172; x_wconf 90' lang='lat' dir='ltr'>modo</span> <span class='ocrx_word' id='word_1_316' title='bbox 1524 1142 1563 1173; x_wconf 89' lang='lat' dir='ltr'>est</span> <span class='ocrx_word' id='word_1_317' title='bbox 1578 1139 1653 1172; x_wconf 90' lang='lat' dir='ltr'>mihi</span> <span class='ocrx_word' id='word_1_318' title='bbox 1667 1139 1825 1184; x_wconf 84' lang='lat' dir='ltr'>probabile</span> 
     </span>
     <span class='ocr_line' id='line_1_23' title="bbox 328 1183 1824 1235; baseline -0.002 -13"><span class='ocrx_word' id='word_1_319' title='bbox 328 1191 413 1235; x_wconf 87' lang='lat' dir='ltr'>quod</span> <span class='ocrx_word' id='word_1_320' title='bbox 425 1191 524 1223; x_wconf 87' lang='lat' dir='ltr'>homo</span> <span class='ocrx_word' id='word_1_321' title='bbox 532 1188 728 1222; x_wconf 80' lang='lat' dir='ltr'>verisimiliter</span> <span class='ocrx_word' id='word_1_322' title='bbox 738 1187 836 1231; x_wconf 86' lang='lat' dir='ltr'>potest</span> <span class='ocrx_word' id='word_1_323' title='bbox 846 1187 929 1223; x_wconf 89' lang='lat' dir='ltr'>scire,</span> <span class='ocrx_word' id='word_1_324' title='bbox 939 1184 1040 1218; x_wconf 83' lang='lat' dir='ltr'>saltem</span> <span class='ocrx_word' id='word_1_325' title='bbox 1049 1184 1216 1219; x_wconf 88' lang='lat' dir='ltr'>secundum</span> <span class='ocrx_word' id='word_1_326' title='bbox 1225 1185 1398 1229; x_wconf 67' lang='lat' dir='ltr'>praesentem</span> <span class='ocrx_word' id='word_1_327' title='bbox 1406 1185 1543 1219; x_wconf 82' lang='lat' dir='ltr'>iustitiam</span> <span class='ocrx_word' id='word_1_328' title='bbox 1550 1183 1578 1217; x_wconf 91' lang='lat' dir='ltr'>se</span> <span class='ocrx_word' id='word_1_329' title='bbox 1586 1183 1680 1219; x_wconf 84' lang='lat' dir='ltr'>effein</span> <span class='ocrx_word' id='word_1_330' title='bbox 1688 1183 1783 1230; x_wconf 83' lang='lat' dir='ltr'>gratia</span> <span class='ocrx_word' id='word_1_331' title='bbox 1792 1192 1824 1219; x_wconf 76' lang='grc' dir='ltr'>δε</span> 
     </span>
     <span class='ocr_line' id='line_1_24' title="bbox 326 1230 1824 1280; baseline -0.003 -10"><span class='ocrx_word' id='word_1_332' title='bbox 326 1238 452 1280; x_wconf 84' lang='lat' dir='ltr'>dignum</span> <span class='ocrx_word' id='word_1_333' title='bbox 462 1237 522 1268; x_wconf 92' lang='lat' dir='ltr'>Dei</span> <span class='ocrx_word' id='word_1_334' title='bbox 531 1246 646 1276; x_wconf 75' lang='lat' dir='ltr'>amore,</span> <span class='ocrx_word' id='word_1_335' title='bbox 654 1245 705 1277; x_wconf 89' lang='lat' dir='ltr'>per</span> <span class='ocrx_word' id='word_1_336' title='bbox 713 1233 774 1266; x_wconf 88' lang='lat' dir='ltr'>hoc</span> <span class='ocrx_word' id='word_1_337' title='bbox 783 1233 894 1265; x_wconf 83' lang='lat' dir='ltr'>[cilicet</span> <span class='ocrx_word' id='word_1_338' title='bbox 907 1230 992 1277; x_wconf 92' lang='lat' dir='ltr'>quod</span> <span class='ocrx_word' id='word_1_339' title='bbox 1002 1230 1100 1275; x_wconf 87' lang='lat' dir='ltr'>diligit</span> <span class='ocrx_word' id='word_1_340' title='bbox 1109 1232 1210 1265; x_wconf 88' lang='lat' dir='ltr'>Deum</span> <span class='ocrx_word' id='word_1_341' title='bbox 1218 1242 1254 1264; x_wconf 84' lang='lat' dir='ltr'>ex</span> <span class='ocrx_word' id='word_1_342' title='bbox 1263 1239 1332 1263; x_wconf 91' lang='lat' dir='ltr'>toto</span> <span class='ocrx_word' id='word_1_343' title='bbox 1341 1230 1501 1269; x_wconf 83' lang='lat' dir='ltr'>corde,&amp;c.</span> <span class='ocrx_word' id='word_1_344' title='bbox 1508 1232 1548 1265; x_wconf 90' lang='lat' dir='ltr'>ita</span> <span class='ocrx_word' id='word_1_345' title='bbox 1555 1230 1641 1276; x_wconf 91' lang='lat' dir='ltr'>quod</span> <span class='ocrx_word' id='word_1_346' title='bbox 1650 1232 1745 1264; x_wconf 87' lang='lat' dir='ltr'>nollet</span> <span class='ocrx_word' id='word_1_347' title='bbox 1753 1243 1824 1266; x_wconf 84' lang='lat' dir='ltr'>eum</span> 
     </span>
     <span class='ocr_line' id='line_1_25' title="bbox 327 1275 1825 1324; baseline -0.003 -9"><span class='ocrx_word' id='word_1_348' title='bbox 327 1285 357 1316; x_wconf 93' lang='lat' dir='ltr'>in</span> <span class='ocrx_word' id='word_1_349' title='bbox 369 1282 503 1314; x_wconf 88' lang='lat' dir='ltr'>minimo</span> <span class='ocrx_word' id='word_1_350' title='bbox 516 1281 588 1314; x_wconf 74' lang='lat' dir='ltr'>salte</span> <span class='ocrx_word' id='word_1_351' title='bbox 595 1279 751 1314; x_wconf 82' lang='lat' dir='ltr'>offendere</span> <span class='ocrx_word' id='word_1_352' title='bbox 758 1291 815 1324; x_wconf 91' lang='lat' dir='ltr'>pro</span> <span class='ocrx_word' id='word_1_353' title='bbox 823 1279 911 1311; x_wconf 89' lang='lat' dir='ltr'>omni</span> <span class='ocrx_word' id='word_1_354' title='bbox 919 1275 1040 1321; x_wconf 86' lang='lat' dir='ltr'>fugibili</span> <span class='ocrx_word' id='word_1_355' title='bbox 1047 1276 1192 1311; x_wconf 82' lang='lat' dir='ltr'>euitando</span> <span class='ocrx_word' id='word_1_356' title='bbox 1201 1300 1209 1315; x_wconf 90' lang='lat'><em>,</em></span> <span class='ocrx_word' id='word_1_357' title='bbox 1221 1287 1277 1308; x_wconf 89' lang='lat' dir='ltr'>nec</span> <span class='ocrx_word' id='word_1_358' title='bbox 1285 1287 1344 1321; x_wconf 90' lang='lat' dir='ltr'>pro</span> <span class='ocrx_word' id='word_1_359' title='bbox 1352 1287 1441 1309; x_wconf 89' lang='lat' dir='ltr'>omni</span> <span class='ocrx_word' id='word_1_360' title='bbox 1450 1276 1636 1310; x_wconf 76' lang='lat' dir='ltr'>desiderabili</span> <span class='ocrx_word' id='word_1_361' title='bbox 1643 1276 1825 1322; x_wconf 90' lang='lat' dir='ltr'>consequen-</span> 
     </span>
     <span class='ocr_line' id='line_1_26' title="bbox 328 1322 1824 1371; baseline -0.003 -10"><span class='ocrx_word' id='word_1_362' title='bbox 328 1328 536 1371; x_wconf 85' lang='lat' dir='ltr'>do‚velletque</span> <span class='ocrx_word' id='word_1_363' title='bbox 544 1326 733 1360; x_wconf 89' lang='lat' dir='ltr'>voluntatem</span> <span class='ocrx_word' id='word_1_364' title='bbox 745 1326 879 1358; x_wconf 88' lang='lat' dir='ltr'>diuinam</span> <span class='ocrx_word' id='word_1_365' title='bbox 888 1325 918 1356; x_wconf 91' lang='lat' dir='ltr'>in</span> <span class='ocrx_word' id='word_1_366' title='bbox 926 1322 1071 1356; x_wconf 86' lang='lat' dir='ltr'>omnibus</span> <span class='ocrx_word' id='word_1_367' title='bbox 1079 1322 1351 1368; x_wconf 84' lang='lat' dir='ltr'>adimplere,etiam</span> <span class='ocrx_word' id='word_1_368' title='bbox 1360 1322 1412 1355; x_wconf 85' lang='lat' dir='ltr'>etfi</span> <span class='ocrx_word' id='word_1_369' title='bbox 1422 1333 1578 1366; x_wconf 88' lang='lat' dir='ltr'>nunquam</span> <span class='ocrx_word' id='word_1_370' title='bbox 1587 1322 1663 1356; x_wconf 88' lang='lat' dir='ltr'>foret</span> <span class='ocrx_word' id='word_1_371' title='bbox 1672 1335 1766 1367; x_wconf 85' lang='lat' dir='ltr'>poena</span> <span class='ocrx_word' id='word_1_372' title='bbox 1776 1324 1824 1356; x_wconf 87' lang='lat' dir='ltr'>vel</span> 
     </span>
     <span class='ocr_line' id='line_1_27' title="bbox 327 1355 1881 1416; baseline -0.001 -12"><span class='ocrx_word' id='word_1_373' title='bbox 327 1374 485 1415; x_wconf 76' lang='lat' dir='ltr'>praemium</span> <span class='ocrx_word' id='word_1_374' title='bbox 495 1398 504 1412; x_wconf 87' lang='lat'>,</span> <span class='ocrx_word' id='word_1_375' title='bbox 515 1371 561 1404; x_wconf 81' lang='lat' dir='ltr'>secl</span> <span class='ocrx_word' id='word_1_376' title='bbox 579 1382 695 1405; x_wconf 89' lang='lat' dir='ltr'>tantum</span> <span class='ocrx_word' id='word_1_377' title='bbox 706 1372 839 1416; x_wconf 83' lang='lat' dir='ltr'>gratuito</span> <span class='ocrx_word' id='word_1_378' title='bbox 849 1379 972 1415; x_wconf 87' lang='lat' dir='ltr'>propter</span> <span class='ocrx_word' id='word_1_379' title='bbox 979 1369 1091 1412; x_wconf 83' lang='lat' dir='ltr'>ipsum,</span> <span class='ocrx_word' id='word_1_380' title='bbox 1101 1375 1132 1402; x_wconf 68' lang='grc' dir='ltr'>ὅ(</span> <span class='ocrx_word' id='word_1_381' title='bbox 1141 1380 1194 1413; x_wconf 91' lang='lat' dir='ltr'>per</span> <span class='ocrx_word' id='word_1_382' title='bbox 1203 1368 1260 1401; x_wconf 86' lang='lat' dir='ltr'>alia</span> <span class='ocrx_word' id='word_1_383' title='bbox 1274 1366 1356 1411; x_wconf 83' lang='lat' dir='ltr'>ligna</span> <span class='ocrx_word' id='word_1_384' title='bbox 1366 1367 1470 1401; x_wconf 87' lang='lat' dir='ltr'>multa.</span> <span class='ocrx_word' id='word_1_385' title='bbox 1495 1371 1539 1401; x_wconf 91' lang='lat' dir='ltr'>Vt</span> <span class='ocrx_word' id='word_1_386' title='bbox 1547 1378 1647 1401; x_wconf 89' lang='lat' dir='ltr'>autern</span> <span class='ocrx_word' id='word_1_387' title='bbox 1663 1368 1823 1414; x_wconf 83' lang='lat' dir='ltr'>expediam</span> <span class='ocrx_word' id='word_1_388' title='bbox 1851 1355 1881 1388; x_wconf 79' lang='lat' dir='ltr'>C</span> 
     </span>
     <span class='ocr_line' id='line_1_28' title="bbox 328 1412 1826 1460; baseline -0.003 -8"><span class='ocrx_word' id='word_1_389' title='bbox 328 1431 379 1452; x_wconf 90' lang='lat' dir='ltr'>me</span> <span class='ocrx_word' id='word_1_390' title='bbox 389 1419 505 1452; x_wconf 86' lang='lat' dir='ltr'>breuius</span> <span class='ocrx_word' id='word_1_391' title='bbox 519 1417 589 1451; x_wconf 88' lang='lat' dir='ltr'>licet</span> <span class='ocrx_word' id='word_1_392' title='bbox 603 1429 668 1450; x_wconf 91' lang='lat' dir='ltr'>non</span> <span class='ocrx_word' id='word_1_393' title='bbox 677 1418 774 1450; x_wconf 86' lang='lat' dir='ltr'>verius</span> <span class='ocrx_word' id='word_1_394' title='bbox 786 1415 894 1460; x_wconf 88' lang='lat' dir='ltr'>,potest</span> <span class='ocrx_word' id='word_1_395' title='bbox 903 1413 984 1446; x_wconf 61' lang='lat' dir='ltr'>diista</span> <span class='ocrx_word' id='word_1_396' title='bbox 1001 1414 1159 1448; x_wconf 83' lang='lat' dir='ltr'>Autor&#39;itas</span> <span class='ocrx_word' id='word_1_397' title='bbox 1166 1412 1206 1446; x_wconf 88' lang='lat' dir='ltr'>fic</span> <span class='ocrx_word' id='word_1_398' title='bbox 1222 1415 1336 1457; x_wconf 86' lang='lat' dir='ltr'>exponi</span> <span class='ocrx_word' id='word_1_399' title='bbox 1352 1428 1363 1453; x_wconf 78' lang='lat'>3</span> <span class='ocrx_word' id='word_1_400' title='bbox 1384 1413 1490 1447; x_wconf 85' lang='lat' dir='ltr'>Nescit</span> <span class='ocrx_word' id='word_1_401' title='bbox 1499 1412 1596 1447; x_wconf 91' lang='lat' dir='ltr'>horno</span> <span class='ocrx_word' id='word_1_402' title='bbox 1606 1424 1706 1448; x_wconf 86' lang='lat' dir='ltr'>vtrum</span> <span class='ocrx_word' id='word_1_403' title='bbox 1721 1426 1826 1449; x_wconf 89' lang='lat' dir='ltr'>amore</span> 
     </span>
     <span class='ocr_line' id='line_1_29' title="bbox 329 1456 1826 1536; baseline -0.003 -37"><span class='ocrx_word' id='word_1_404' title='bbox 329 1466 377 1499; x_wconf 87' lang='lat' dir='ltr'>vel</span> <span class='ocrx_word' id='word_1_405' title='bbox 386 1464 460 1497; x_wconf 90' lang='lat' dir='ltr'>odio</span> <span class='ocrx_word' id='word_1_406' title='bbox 481 1464 590 1508; x_wconf 86' lang='lat' dir='ltr'>dignus</span> <span class='ocrx_word' id='word_1_407' title='bbox 602 1463 652 1502; x_wconf 84' lang='lat' dir='ltr'>sit,</span> <span class='ocrx_word' id='word_1_408' title='bbox 661 1461 690 1497; x_wconf 88' lang='lat' dir='ltr'>id</span> <span class='ocrx_word' id='word_1_409' title='bbox 699 1463 751 1502; x_wconf 88' lang='lat' dir='ltr'>est,</span> <span class='ocrx_word' id='word_1_410' title='bbox 766 1460 895 1495; x_wconf 87' lang='lat' dir='ltr'>finaliter</span> <span class='ocrx_word' id='word_1_411' title='bbox 903 1483 913 1498; x_wconf 90' lang='lat'>‚</span> <span class='ocrx_word' id='word_1_412' title='bbox 924 1459 995 1493; x_wconf 86' lang='lat' dir='ltr'>ficut</span> <span class='ocrx_word' id='word_1_413' title='bbox 1002 1460 1125 1536; x_wconf 60' lang='lat' dir='ltr'>ipsemet</span> <span class='ocrx_word' id='word_1_414' title='bbox 1131 1458 1160 1491; x_wconf 88' lang='lat' dir='ltr'>se</span> <span class='ocrx_word' id='word_1_415' title='bbox 1168 1461 1296 1503; x_wconf 83' lang='lat' dir='ltr'>exponit</span> <span class='ocrx_word' id='word_1_416' title='bbox 1310 1456 1459 1493; x_wconf 69' lang='lat' dir='ltr'>continuo</span> <span class='ocrx_word' id='word_1_417' title='bbox 1469 1470 1500 1492; x_wconf 92' lang='lat' dir='ltr'>vt</span> <span class='ocrx_word' id='word_1_418' title='bbox 1508 1461 1548 1492; x_wconf 89' lang='lat' dir='ltr'>est</span> <span class='ocrx_word' id='word_1_419' title='bbox 1557 1458 1678 1493; x_wconf 67' lang='lat' dir='ltr'>dietum.</span> <span class='ocrx_word' id='word_1_420' title='bbox 1715 1462 1826 1507; x_wconf 83' lang='lat' dir='ltr'>Qan-</span> 
     </span>
     <span class='ocr_line' id='line_1_30' title="bbox 332 1503 1824 1551; baseline -0.002 -7"><span class='ocrx_word' id='word_1_421' title='bbox 332 1521 397 1544; x_wconf 87' lang='lat' dir='ltr'>tum</span> <span class='ocrx_word' id='word_1_422' title='bbox 409 1510 446 1544; x_wconf 87' lang='lat' dir='ltr'>ad</span> <span class='ocrx_word' id='word_1_423' title='bbox 455 1510 658 1546; x_wconf 82' lang='lat' dir='ltr'>aliud‚verum</span> <span class='ocrx_word' id='word_1_424' title='bbox 666 1507 719 1547; x_wconf 88' lang='lat' dir='ltr'>est,</span> <span class='ocrx_word' id='word_1_425' title='bbox 730 1507 814 1551; x_wconf 91' lang='lat' dir='ltr'>quod</span> <span class='ocrx_word' id='word_1_426' title='bbox 823 1505 883 1540; x_wconf 79' lang='lat' dir='ltr'>sine</span> <span class='ocrx_word' id='word_1_427' title='bbox 891 1507 987 1551; x_wconf 83' lang='lat' dir='ltr'>gratia</span> <span class='ocrx_word' id='word_1_428' title='bbox 997 1516 1012 1536; x_wconf 91' lang='lat' dir='ltr'>c</span> <span class='ocrx_word' id='word_1_429' title='bbox 1037 1505 1149 1538; x_wconf 84' lang='lat' dir='ltr'>atitatis</span> <span class='ocrx_word' id='word_1_430' title='bbox 1157 1504 1235 1539; x_wconf 87' lang='lat' dir='ltr'>fiunt</span> <span class='ocrx_word' id='word_1_431' title='bbox 1243 1516 1337 1550; x_wconf 90' lang='lat' dir='ltr'>opera</span> <span class='ocrx_word' id='word_1_432' title='bbox 1346 1504 1440 1538; x_wconf 87' lang='lat' dir='ltr'>multa</span> <span class='ocrx_word' id='word_1_433' title='bbox 1447 1503 1662 1549; x_wconf 81' lang='lat' dir='ltr'>magnalia‚sed</span> <span class='ocrx_word' id='word_1_434' title='bbox 1672 1517 1736 1539; x_wconf 90' lang='lat' dir='ltr'>non</span> <span class='ocrx_word' id='word_1_435' title='bbox 1746 1518 1824 1550; x_wconf 87' lang='lat' dir='ltr'>opus</span> 
     </span>
     <span class='ocr_line' id='line_1_31' title="bbox 331 1550 1825 1595; baseline -0.005 -7"><span class='ocrx_word' id='word_1_436' title='bbox 331 1557 498 1589; x_wconf 64' lang='lat' dir='ltr'>dilectionis</span> <span class='ocrx_word' id='word_1_437' title='bbox 507 1557 565 1589; x_wconf 90' lang='lat' dir='ltr'>Dei</span> <span class='ocrx_word' id='word_1_438' title='bbox 573 1566 610 1589; x_wconf 83' lang='lat' dir='ltr'>ex</span> <span class='ocrx_word' id='word_1_439' title='bbox 619 1565 686 1588; x_wconf 90' lang='lat' dir='ltr'>toto</span> <span class='ocrx_word' id='word_1_440' title='bbox 696 1550 964 1592; x_wconf 80' lang='lat' dir='ltr'>corde,&amp;c.m0do</span> <span class='ocrx_word' id='word_1_441' title='bbox 971 1550 1066 1589; x_wconf 58' lang='lat' dir='ltr'>dieo,</span> <span class='ocrx_word' id='word_1_442' title='bbox 1076 1561 1131 1583; x_wconf 91' lang='lat' dir='ltr'>nec</span> <span class='ocrx_word' id='word_1_443' title='bbox 1139 1550 1188 1584; x_wconf 89' lang='lat' dir='ltr'>illa</span> <span class='ocrx_word' id='word_1_444' title='bbox 1197 1550 1274 1584; x_wconf 89' lang='lat' dir='ltr'>fiunt</span> <span class='ocrx_word' id='word_1_445' title='bbox 1282 1561 1388 1583; x_wconf 84' lang='lat' dir='ltr'>amore</span> <span class='ocrx_word' id='word_1_446' title='bbox 1397 1552 1526 1594; x_wconf 84' lang='lat' dir='ltr'>gratuito</span> <span class='ocrx_word' id='word_1_447' title='bbox 1536 1561 1661 1595; x_wconf 89' lang='lat' dir='ltr'>propter</span> <span class='ocrx_word' id='word_1_448' title='bbox 1670 1552 1825 1586; x_wconf 77' lang='lat' dir='ltr'>Deum.Et</span> 
     </span>
     <span class='ocr_line' id='line_1_32' title="bbox 329 1594 1825 1644; baseline -0.002 -10"><span class='ocrx_word' id='word_1_449' title='bbox 329 1601 401 1634; x_wconf 82' lang='lat' dir='ltr'>ideo</span> <span class='ocrx_word' id='word_1_450' title='bbox 412 1600 489 1635; x_wconf 88' lang='lat' dir='ltr'>bene</span> <span class='ocrx_word' id='word_1_451' title='bbox 498 1601 567 1635; x_wconf 89' lang='lat' dir='ltr'>dicit</span> <span class='ocrx_word' id='word_1_452' title='bbox 578 1600 722 1644; x_wconf 87' lang='lat' dir='ltr'>Apost.Si</span> <span class='ocrx_word' id='word_1_453' title='bbox 730 1599 828 1632; x_wconf 87' lang='lat' dir='ltr'>fecero</span> <span class='ocrx_word' id='word_1_454' title='bbox 838 1598 901 1632; x_wconf 82' lang='lat' dir='ltr'>haec</span> <span class='ocrx_word' id='word_1_455' title='bbox 909 1597 940 1631; x_wconf 70' lang='grc' dir='ltr'>ἃ</span> <span class='ocrx_word' id='word_1_456' title='bbox 949 1594 1186 1635; x_wconf 81' lang='lat' dir='ltr'>illa‚charitatem</span> <span class='ocrx_word' id='word_1_457' title='bbox 1195 1607 1297 1629; x_wconf 90' lang='lat' dir='ltr'>autem</span> <span class='ocrx_word' id='word_1_458' title='bbox 1306 1607 1369 1629; x_wconf 87' lang='lat' dir='ltr'>non</span> <span class='ocrx_word' id='word_1_459' title='bbox 1377 1595 1600 1633; x_wconf 86' lang='lat' dir='ltr'>habuero‚nibil</span> <span class='ocrx_word' id='word_1_460' title='bbox 1608 1595 1684 1630; x_wconf 84' lang='lat' dir='ltr'>mihi</span> <span class='ocrx_word' id='word_1_461' title='bbox 1692 1597 1825 1642; x_wconf 76' lang='lat' dir='ltr'>prodess3</span> 
     </span>
     <span class='ocr_line' id='line_1_33' title="bbox 329 1640 1823 1690; baseline -0.003 -8"><span class='ocrx_word' id='word_1_462' title='bbox 329 1649 361 1682; x_wconf 71' lang='lat' dir='ltr'>t&amp;</span> <span class='ocrx_word' id='word_1_463' title='bbox 371 1648 468 1681; x_wconf 79' lang='lat' dir='ltr'>statim</span> <span class='ocrx_word' id='word_1_464' title='bbox 484 1658 536 1690; x_wconf 90' lang='lat' dir='ltr'>per</span> <span class='ocrx_word' id='word_1_465' title='bbox 552 1645 618 1679; x_wconf 89' lang='lat' dir='ltr'>suos</span> <span class='ocrx_word' id='word_1_466' title='bbox 628 1644 751 1679; x_wconf 65' lang='lat' dir='ltr'>effeetus</span> <span class='ocrx_word' id='word_1_467' title='bbox 759 1642 866 1678; x_wconf 85' lang='lat' dir='ltr'>definit</span> <span class='ocrx_word' id='word_1_468' title='bbox 882 1642 1160 1688; x_wconf 74' lang='lat' dir='ltr'>quodammodo&amp;</span> <span class='ocrx_word' id='word_1_469' title='bbox 1168 1641 1306 1675; x_wconf 86' lang='lat' dir='ltr'>notificat</span> <span class='ocrx_word' id='word_1_470' title='bbox 1320 1640 1497 1675; x_wconf 84' lang='lat' dir='ltr'>charitatem</span> <span class='ocrx_word' id='word_1_471' title='bbox 1508 1653 1517 1676; x_wconf 82' lang='lat'>;</span> <span class='ocrx_word' id='word_1_472' title='bbox 1535 1641 1677 1676; x_wconf 85' lang='lat' dir='ltr'>Charitas</span> <span class='ocrx_word' id='word_1_473' title='bbox 1688 1667 1698 1681; x_wconf 89' lang='lat'>‚</span> <span class='ocrx_word' id='word_1_474' title='bbox 1713 1644 1823 1687; x_wconf 84' lang='lat' dir='ltr'>inquit,</span> 
     </span>
     <span class='ocr_line' id='line_1_34' title="bbox 328 1687 1824 1737; baseline -0.003 -13"><span class='ocrx_word' id='word_1_475' title='bbox 328 1695 446 1737; x_wconf 88' lang='lat' dir='ltr'>patiens</span> <span class='ocrx_word' id='word_1_476' title='bbox 455 1691 638 1736; x_wconf 86' lang='lat' dir='ltr'>est,benigna</span> <span class='ocrx_word' id='word_1_477' title='bbox 646 1693 698 1728; x_wconf 82' lang='lat' dir='ltr'>est,</span> <span class='ocrx_word' id='word_1_478' title='bbox 708 1699 768 1724; x_wconf 70' lang='lat' dir='ltr'>ecc.</span> <span class='ocrx_word' id='word_1_479' title='bbox 777 1687 860 1734; x_wconf 88' lang='lat' dir='ltr'>quasi</span> <span class='ocrx_word' id='word_1_480' title='bbox 869 1689 941 1722; x_wconf 89' lang='lat' dir='ltr'>velit</span> <span class='ocrx_word' id='word_1_481' title='bbox 950 1689 1217 1732; x_wconf 89' lang='lat' dir='ltr'>patenterinnuere</span> <span class='ocrx_word' id='word_1_482' title='bbox 1227 1711 1236 1724; x_wconf 88' lang='lat'>,</span> <span class='ocrx_word' id='word_1_483' title='bbox 1243 1689 1297 1732; x_wconf 91' lang='lat' dir='ltr'>qui</span> <span class='ocrx_word' id='word_1_484' title='bbox 1307 1689 1450 1720; x_wconf 86' lang='lat' dir='ltr'>veraciter</span> <span class='ocrx_word' id='word_1_485' title='bbox 1463 1687 1527 1720; x_wconf 80' lang='lat' dir='ltr'>haec</span> <span class='ocrx_word' id='word_1_486' title='bbox 1536 1699 1597 1721; x_wconf 90' lang='lat' dir='ltr'>non</span> <span class='ocrx_word' id='word_1_487' title='bbox 1606 1687 1698 1722; x_wconf 82' lang='lat' dir='ltr'>habet</span> <span class='ocrx_word' id='word_1_488' title='bbox 1706 1712 1715 1726; x_wconf 90' lang='lat'>‚</span> <span class='ocrx_word' id='word_1_489' title='bbox 1725 1688 1824 1722; x_wconf 80' lang='lat' dir='ltr'>chari-</span> 
     </span>
     <span class='ocr_line' id='line_1_35' title="bbox 329 1731 1824 1775; baseline -0.003 -4"><span class='ocrx_word' id='word_1_490' title='bbox 329 1749 424 1772; x_wconf 89' lang='lat' dir='ltr'>tatem</span> <span class='ocrx_word' id='word_1_491' title='bbox 436 1750 500 1772; x_wconf 93' lang='lat' dir='ltr'>non</span> <span class='ocrx_word' id='word_1_492' title='bbox 511 1736 613 1775; x_wconf 83' lang='lat' dir='ltr'>habet,</span> <span class='ocrx_word' id='word_1_493' title='bbox 622 1737 653 1772; x_wconf 85' lang='lat'>&amp;</span> <span class='ocrx_word' id='word_1_494' title='bbox 683 1739 712 1769; x_wconf 89' lang='lat' dir='ltr'>ui</span> <span class='ocrx_word' id='word_1_495' title='bbox 721 1734 923 1769; x_wconf 84' lang='lat' dir='ltr'>veraciterista</span> <span class='ocrx_word' id='word_1_496' title='bbox 931 1732 1127 1770; x_wconf 87' lang='lat' dir='ltr'>habet‚habet</span> <span class='ocrx_word' id='word_1_497' title='bbox 1136 1731 1267 1766; x_wconf 81' lang='lat' dir='ltr'>similiter</span> <span class='ocrx_word' id='word_1_498' title='bbox 1274 1732 1466 1766; x_wconf 85' lang='lat' dir='ltr'>charitatem:</span> <span class='ocrx_word' id='word_1_499' title='bbox 1483 1734 1569 1767; x_wconf 89' lang='lat' dir='ltr'>Nam</span> <span class='ocrx_word' id='word_1_500' title='bbox 1577 1732 1741 1768; x_wconf 87' lang='lat' dir='ltr'>secundum</span> <span class='ocrx_word' id='word_1_501' title='bbox 1749 1746 1824 1768; x_wconf 82' lang='lat' dir='ltr'>eun·</span> 
     </span>
     <span class='ocr_line' id='line_1_36' title="bbox 329 1749 1824 1824; baseline -0.004 -6"><span class='ocrx_word' id='word_1_502' title='bbox 329 1784 399 1818; x_wconf 87' lang='lat' dir='ltr'>dem</span> <span class='ocrx_word' id='word_1_503' title='bbox 408 1783 446 1816; x_wconf 86' lang='lat' dir='ltr'>ad</span> <span class='ocrx_word' id='word_1_504' title='bbox 455 1785 548 1817; x_wconf 87' lang='lat' dir='ltr'>Rom.</span> <span class='ocrx_word' id='word_1_505' title='bbox 564 1794 574 1816; x_wconf 93' lang='lat' dir='ltr'>i</span> <span class='ocrx_word' id='word_1_506' title='bbox 585 1794 609 1814; x_wconf 85' lang='lat' dir='ltr'>t.</span> <span class='ocrx_word' id='word_1_507' title='bbox 625 1749 808 1816; x_wconf 56' lang='lat' dir='ltr'>Sicdelibatio</span> <span class='ocrx_word' id='word_1_508' title='bbox 816 1781 917 1813; x_wconf 71' lang='lat' dir='ltr'>sansta</span> <span class='ocrx_word' id='word_1_509' title='bbox 926 1780 967 1812; x_wconf 88' lang='lat' dir='ltr'>est</span> <span class='ocrx_word' id='word_1_510' title='bbox 979 1802 988 1816; x_wconf 90' lang='lat'><em>,</em></span> <span class='ocrx_word' id='word_1_511' title='bbox 998 1779 1031 1814; x_wconf 77' lang='grc' dir='ltr'>ὁ(</span> <span class='ocrx_word' id='word_1_512' title='bbox 1040 1779 1140 1812; x_wconf 81' lang='lat' dir='ltr'>malsa-</span> <span class='ocrx_word' id='word_1_513' title='bbox 1156 1778 1230 1812; x_wconf 90' lang='lat' dir='ltr'>Hoc</span> <span class='ocrx_word' id='word_1_514' title='bbox 1238 1788 1338 1812; x_wconf 88' lang='lat' dir='ltr'>autem</span> <span class='ocrx_word' id='word_1_515' title='bbox 1353 1789 1454 1812; x_wconf 90' lang='lat' dir='ltr'>totum</span> <span class='ocrx_word' id='word_1_516' title='bbox 1467 1790 1677 1823; x_wconf 87' lang='lat' dir='ltr'>argumentum</span> <span class='ocrx_word' id='word_1_517' title='bbox 1688 1779 1824 1824; x_wconf 74' lang='lat' dir='ltr'>aprinci-</span> 
     </span>
     <span class='ocr_line' id='line_1_37' title="bbox 331 1822 1824 1874; baseline -0.003 -11"><span class='ocrx_word' id='word_1_518' title='bbox 331 1832 383 1874; x_wconf 87' lang='lat' dir='ltr'>pio</span> <span class='ocrx_word' id='word_1_519' title='bbox 391 1831 454 1863; x_wconf 89' lang='lat' dir='ltr'>eius</span> <span class='ocrx_word' id='word_1_520' title='bbox 463 1844 478 1862; x_wconf 90' lang='lat' dir='ltr'>v</span> <span class='ocrx_word' id='word_1_521' title='bbox 484 1827 529 1874; x_wconf 81' lang='lat' dir='ltr'>sq;</span> <span class='ocrx_word' id='word_1_522' title='bbox 539 1828 597 1861; x_wconf 90' lang='lat' dir='ltr'>huc</span> <span class='ocrx_word' id='word_1_523' title='bbox 607 1839 668 1861; x_wconf 89' lang='lat' dir='ltr'>tam</span> <span class='ocrx_word' id='word_1_524' title='bbox 678 1827 772 1871; x_wconf 87' lang='lat' dir='ltr'>longe</span> <span class='ocrx_word' id='word_1_525' title='bbox 777 1824 1030 1871; x_wconf 87' lang='lat' dir='ltr'>protensum‚tam</span> <span class='ocrx_word' id='word_1_526' title='bbox 1039 1823 1125 1858; x_wconf 89' lang='lat' dir='ltr'>breui</span> <span class='ocrx_word' id='word_1_527' title='bbox 1134 1825 1316 1869; x_wconf 84' lang='lat' dir='ltr'>restringitur</span> <span class='ocrx_word' id='word_1_528' title='bbox 1322 1822 1508 1869; x_wconf 62' lang='lat' dir='ltr'>syllogismo,</span> <span class='ocrx_word' id='word_1_529' title='bbox 1514 1826 1687 1871; x_wconf 89' lang='lat' dir='ltr'>quicunque</span> <span class='ocrx_word' id='word_1_530' title='bbox 1694 1836 1824 1860; x_wconf 87' lang='lat' dir='ltr'>meretur</span> 
     </span>
     <span class='ocr_line' id='line_1_38' title="bbox 331 1870 1866 1920; baseline -0.001 -12"><span class='ocrx_word' id='word_1_531' title='bbox 331 1875 369 1908; x_wconf 90' lang='lat' dir='ltr'>de</span> <span class='ocrx_word' id='word_1_532' title='bbox 377 1887 515 1919; x_wconf 88' lang='lat' dir='ltr'>congruo</span> <span class='ocrx_word' id='word_1_533' title='bbox 530 1876 658 1918; x_wconf 82' lang='lat' dir='ltr'>gratiam</span> <span class='ocrx_word' id='word_1_534' title='bbox 667 1875 684 1907; x_wconf 73' lang='lat' dir='ltr'>a</span> <span class='ocrx_word' id='word_1_535' title='bbox 693 1875 764 1907; x_wconf 90' lang='lat' dir='ltr'>Deo</span> <span class='ocrx_word' id='word_1_536' title='bbox 776 1898 784 1910; x_wconf 93' lang='lat'>‚</span> <span class='ocrx_word' id='word_1_537' title='bbox 791 1873 861 1906; x_wconf 84' lang='lat' dir='ltr'>facit</span> <span class='ocrx_word' id='word_1_538' title='bbox 871 1882 940 1905; x_wconf 90' lang='lat' dir='ltr'>ante</span> <span class='ocrx_word' id='word_1_539' title='bbox 946 1871 1154 1915; x_wconf 81' lang='lat' dir='ltr'>acceptionem</span> <span class='ocrx_word' id='word_1_540' title='bbox 1163 1872 1264 1915; x_wconf 78' lang='lat' dir='ltr'>gratia:</span> <span class='ocrx_word' id='word_1_541' title='bbox 1271 1879 1411 1915; x_wconf 85' lang='lat' dir='ltr'>tempore</span> <span class='ocrx_word' id='word_1_542' title='bbox 1418 1870 1466 1904; x_wconf 85' lang='lat' dir='ltr'>vei</span> <span class='ocrx_word' id='word_1_543' title='bbox 1475 1882 1578 1904; x_wconf 87' lang='lat' dir='ltr'>natura</span> <span class='ocrx_word' id='word_1_544' title='bbox 1588 1894 1597 1910; x_wconf 87' lang='lat'>‚</span> <span class='ocrx_word' id='word_1_545' title='bbox 1613 1870 1722 1915; x_wconf 84' lang='lat' dir='ltr'>aliquid</span> <span class='ocrx_word' id='word_1_546' title='bbox 1737 1873 1821 1916; x_wconf 71' lang='lat' dir='ltr'>grate</span> <span class='ocrx_word' id='word_1_547' title='bbox 1834 1887 1866 1920; x_wconf 80' lang='lat' dir='ltr'>D</span> 
     </span>
     <span class='ocr_line' id='line_1_39' title="bbox 330 1917 1113 1967; baseline -0.009 -13"><span class='ocrx_word' id='word_1_548' title='bbox 330 1932 387 1967; x_wconf 87' lang='lat' dir='ltr'>pro</span> <span class='ocrx_word' id='word_1_549' title='bbox 397 1932 445 1955; x_wconf 67' lang='lat' dir='ltr'>eoi</span> <span class='ocrx_word' id='word_1_550' title='bbox 458 1921 570 1953; x_wconf 85' lang='lat' dir='ltr'>Nullus</span> <span class='ocrx_word' id='word_1_551' title='bbox 582 1921 650 1954; x_wconf 87' lang='lat' dir='ltr'>facit</span> <span class='ocrx_word' id='word_1_552' title='bbox 660 1918 697 1952; x_wconf 89' lang='lat' dir='ltr'>sic</span> <span class='ocrx_word' id='word_1_553' title='bbox 705 1928 773 1952; x_wconf 90' lang='lat' dir='ltr'>ante</span> <span class='ocrx_word' id='word_1_554' title='bbox 781 1917 896 1961; x_wconf 86' lang='lat' dir='ltr'>aliquid</span> <span class='ocrx_word' id='word_1_555' title='bbox 904 1917 987 1960; x_wconf 75' lang='lat' dir='ltr'>grate</span> <span class='ocrx_word' id='word_1_556' title='bbox 995 1927 1052 1960; x_wconf 91' lang='lat' dir='ltr'>pro</span> <span class='ocrx_word' id='word_1_557' title='bbox 1061 1927 1113 1951; x_wconf 86' lang='lat' dir='ltr'>eo.</span> 
     </span>
    </p>

    <p class='ocr_par' dir='ltr' id='par_1_3' title="bbox 332 1960 1823 2693">
     <span class='ocr_line' id='line_1_40' title="bbox 409 1960 1816 2010; baseline -0.001 -13"><span class='ocrx_word' id='word_1_558' title='bbox 409 1967 485 2000; x_wconf 86' lang='lat' dir='ltr'>Item</span> <span class='ocrx_word' id='word_1_559' title='bbox 497 1965 516 1998; x_wconf 90' lang='lat' dir='ltr'>si</span> <span class='ocrx_word' id='word_1_560' title='bbox 527 1968 594 2010; x_wconf 84' lang='lat' dir='ltr'>quis</span> <span class='ocrx_word' id='word_1_561' title='bbox 601 1976 705 1998; x_wconf 85' lang='lat' dir='ltr'>carens</span> <span class='ocrx_word' id='word_1_562' title='bbox 721 1964 814 2009; x_wconf 85' lang='lat' dir='ltr'>gratia</span> <span class='ocrx_word' id='word_1_563' title='bbox 829 1964 925 2007; x_wconf 88' lang='lat' dir='ltr'>potest</span> <span class='ocrx_word' id='word_1_564' title='bbox 939 1963 1049 1995; x_wconf 88' lang='lat' dir='ltr'>mereri</span> <span class='ocrx_word' id='word_1_565' title='bbox 1067 1962 1194 2005; x_wconf 83' lang='lat' dir='ltr'>gratiam</span> <span class='ocrx_word' id='word_1_566' title='bbox 1211 1964 1344 2005; x_wconf 84' lang='lat' dir='ltr'>primam</span> <span class='ocrx_word' id='word_1_567' title='bbox 1360 1960 1399 1994; x_wconf 92' lang='lat' dir='ltr'>de</span> <span class='ocrx_word' id='word_1_568' title='bbox 1413 1972 1549 2006; x_wconf 87' lang='lat' dir='ltr'>congruo</span> <span class='ocrx_word' id='word_1_569' title='bbox 1558 1987 1568 2002; x_wconf 90' lang='lat'>‚</span> <span class='ocrx_word' id='word_1_570' title='bbox 1582 1962 1613 1997; x_wconf 85' lang='lat'>&amp;</span> <span class='ocrx_word' id='word_1_571' title='bbox 1622 1960 1737 1995; x_wconf 85' lang='lat' dir='ltr'>habens</span> <span class='ocrx_word' id='word_1_572' title='bbox 1749 1972 1816 2005; x_wconf 84' lang='lat' dir='ltr'>gra-</span> 
     </span>
     <span class='ocr_line' id='line_1_41' title="bbox 332 2006 1823 2055; baseline -0.002 -11"><span class='ocrx_word' id='word_1_573' title='bbox 332 2012 403 2044; x_wconf 84' lang='lat' dir='ltr'>tiam</span> <span class='ocrx_word' id='word_1_574' title='bbox 413 2011 506 2055; x_wconf 90' lang='lat' dir='ltr'>potest</span> <span class='ocrx_word' id='word_1_575' title='bbox 522 2013 629 2044; x_wconf 89' lang='lat' dir='ltr'>meteri</span> <span class='ocrx_word' id='word_1_576' title='bbox 643 2021 678 2044; x_wconf 81' lang='lat' dir='ltr'>au</span> <span class='ocrx_word' id='word_1_577' title='bbox 703 2020 840 2043; x_wconf 87' lang='lat' dir='ltr'>mentum</span> <span class='ocrx_word' id='word_1_578' title='bbox 857 2008 913 2041; x_wconf 86' lang='lat' dir='ltr'>suae</span> <span class='ocrx_word' id='word_1_579' title='bbox 929 2008 1030 2052; x_wconf 87' lang='lat' dir='ltr'>gratiae</span> <span class='ocrx_word' id='word_1_580' title='bbox 1038 2017 1157 2040; x_wconf 74' lang='lat' dir='ltr'>tanturn</span> <span class='ocrx_word' id='word_1_581' title='bbox 1173 2007 1211 2040; x_wconf 89' lang='lat' dir='ltr'>de</span> <span class='ocrx_word' id='word_1_582' title='bbox 1225 2018 1382 2053; x_wconf 88' lang='lat' dir='ltr'>congruo,</span> <span class='ocrx_word' id='word_1_583' title='bbox 1396 2018 1460 2040; x_wconf 93' lang='lat' dir='ltr'>non</span> <span class='ocrx_word' id='word_1_584' title='bbox 1479 2018 1578 2041; x_wconf 88' lang='lat' dir='ltr'>autem</span> <span class='ocrx_word' id='word_1_585' title='bbox 1593 2008 1631 2041; x_wconf 88' lang='lat' dir='ltr'>de</span> <span class='ocrx_word' id='word_1_586' title='bbox 1645 2006 1823 2050; x_wconf 77' lang='lat' dir='ltr'>condign03</span> 
     </span>
     <span class='ocr_line' id='line_1_42' title="bbox 332 2022 1822 2102; baseline -0.002 -12"><span class='ocrx_word' id='word_1_587' title='bbox 332 2069 435 2090; x_wconf 83' lang='lat' dir='ltr'>carens</span> <span class='ocrx_word' id='word_1_588' title='bbox 451 2059 544 2100; x_wconf 87' lang='lat' dir='ltr'>gratia</span> <span class='ocrx_word' id='word_1_589' title='bbox 560 2054 656 2102; x_wconf 85' lang='lat' dir='ltr'>poffet</span> <span class='ocrx_word' id='word_1_590' title='bbox 672 2022 802 2089; x_wconf 59' lang='lat' dir='ltr'>[smiliter</span> <span class='ocrx_word' id='word_1_591' title='bbox 818 2054 948 2098; x_wconf 85' lang='lat' dir='ltr'>primam</span> <span class='ocrx_word' id='word_1_592' title='bbox 964 2054 1095 2097; x_wconf 81' lang='lat' dir='ltr'>gratiam</span> <span class='ocrx_word' id='word_1_593' title='bbox 1108 2054 1273 2096; x_wconf 86' lang='lat' dir='ltr'>promereri</span> <span class='ocrx_word' id='word_1_594' title='bbox 1291 2077 1300 2092; x_wconf 92' lang='lat'>,</span> <span class='ocrx_word' id='word_1_595' title='bbox 1317 2051 1389 2086; x_wconf 85' lang='lat' dir='ltr'>ficut</span> <span class='ocrx_word' id='word_1_596' title='bbox 1402 2051 1516 2086; x_wconf 87' lang='lat' dir='ltr'>habens</span> <span class='ocrx_word' id='word_1_597' title='bbox 1530 2055 1655 2097; x_wconf 82' lang='lat' dir='ltr'>gratiam</span> <span class='ocrx_word' id='word_1_598' title='bbox 1666 2078 1674 2091; x_wconf 91' lang='lat'><em>‚</em></span> <span class='ocrx_word' id='word_1_599' title='bbox 1698 2055 1822 2097; x_wconf 86' lang='lat' dir='ltr'>gratiam</span> 
     </span>
     <span class='ocr_line' id='line_1_43' title="bbox 332 2097 1820 2145; baseline -0.002 -10"><span class='ocrx_word' id='word_1_600' title='bbox 332 2103 415 2136; x_wconf 82' lang='lat' dir='ltr'>luam</span> <span class='ocrx_word' id='word_1_601' title='bbox 430 2105 548 2145; x_wconf 73' lang='lat' dir='ltr'>:iugeri3</span> <span class='ocrx_word' id='word_1_602' title='bbox 564 2101 634 2135; x_wconf 73' lang='lat' dir='ltr'>cum</span> <span class='ocrx_word' id='word_1_603' title='bbox 644 2112 744 2134; x_wconf 79' lang='lat' dir='ltr'>tamen</span> <span class='ocrx_word' id='word_1_604' title='bbox 753 2101 886 2144; x_wconf 90' lang='lat' dir='ltr'>primum</span> <span class='ocrx_word' id='word_1_605' title='bbox 895 2101 1020 2133; x_wconf 82' lang='lat' dir='ltr'>istorum</span> <span class='ocrx_word' id='word_1_606' title='bbox 1030 2097 1065 2132; x_wconf 85' lang='lat' dir='ltr'>fit</span> <span class='ocrx_word' id='word_1_607' title='bbox 1081 2097 1208 2132; x_wconf 81' lang='lat' dir='ltr'>Haerefis</span> <span class='ocrx_word' id='word_1_608' title='bbox 1217 2097 1329 2142; x_wconf 73' lang='lat' dir='ltr'>Pelagii</span> <span class='ocrx_word' id='word_1_609' title='bbox 1346 2099 1364 2131; x_wconf 72' lang='lat' dir='ltr'>a</span> <span class='ocrx_word' id='word_1_610' title='bbox 1378 2097 1515 2132; x_wconf 84' lang='lat' dir='ltr'>Patribus</span> <span class='ocrx_word' id='word_1_611' title='bbox 1525 2098 1705 2142; x_wconf 85' lang='lat' dir='ltr'>reprobata;</span> <span class='ocrx_word' id='word_1_612' title='bbox 1718 2097 1820 2132; x_wconf 91' lang='lat' dir='ltr'>secun—</span> 
     </span>
     <span class='ocr_line' id='line_1_44' title="bbox 333 2141 1819 2188; baseline -0.002 -7"><span class='ocrx_word' id='word_1_613' title='bbox 333 2148 407 2180; x_wconf 92' lang='lat' dir='ltr'>dum</span> <span class='ocrx_word' id='word_1_614' title='bbox 423 2148 499 2181; x_wconf 76' lang='lat' dir='ltr'>vero</span> <span class='ocrx_word' id='word_1_615' title='bbox 508 2148 547 2181; x_wconf 88' lang='lat' dir='ltr'>ab</span> <span class='ocrx_word' id='word_1_616' title='bbox 560 2145 702 2180; x_wconf 89' lang='lat' dir='ltr'>omnibus</span> <span class='ocrx_word' id='word_1_617' title='bbox 713 2144 884 2179; x_wconf 78' lang='lat' dir='ltr'>Catholicis</span> <span class='ocrx_word' id='word_1_618' title='bbox 899 2145 939 2178; x_wconf 88' lang='lat' dir='ltr'>est</span> <span class='ocrx_word' id='word_1_619' title='bbox 948 2141 1122 2178; x_wconf 82' lang='lat' dir='ltr'>concessum</span> <span class='ocrx_word' id='word_1_620' title='bbox 1142 2158 1150 2175; x_wconf 77' lang='lat' dir='ltr'><em>z</em></span> <span class='ocrx_word' id='word_1_621' title='bbox 1176 2144 1254 2177; x_wconf 90' lang='lat' dir='ltr'>Non</span> <span class='ocrx_word' id='word_1_622' title='bbox 1264 2155 1339 2188; x_wconf 83' lang='lat' dir='ltr'>ergo</span> <span class='ocrx_word' id='word_1_623' title='bbox 1356 2143 1489 2177; x_wconf 86' lang='lat' dir='ltr'>fimiliter</span> <span class='ocrx_word' id='word_1_624' title='bbox 1501 2145 1622 2188; x_wconf 79' lang='lat' dir='ltr'>possunt</span> <span class='ocrx_word' id='word_1_625' title='bbox 1637 2146 1743 2178; x_wconf 88' lang='lat' dir='ltr'>mereri</span> <span class='ocrx_word' id='word_1_626' title='bbox 1759 2147 1819 2187; x_wconf 84' lang='lat' dir='ltr'>pri-</span> 
     </span>
     <span class='ocr_line' id='line_1_45' title="bbox 333 2187 1822 2239; baseline -0.001 -13"><span class='ocrx_word' id='word_1_627' title='bbox 333 2206 401 2226; x_wconf 84' lang='lat' dir='ltr'>mus</span> <span class='ocrx_word' id='word_1_628' title='bbox 417 2195 549 2239; x_wconf 90' lang='lat' dir='ltr'>primum</span> <span class='ocrx_word' id='word_1_629' title='bbox 561 2216 571 2230; x_wconf 96' lang='lat'>,</span> <span class='ocrx_word' id='word_1_630' title='bbox 587 2191 772 2226; x_wconf 81' lang='lat' dir='ltr'>&amp;secundus</span> <span class='ocrx_word' id='word_1_631' title='bbox 787 2190 969 2224; x_wconf 88' lang='lat' dir='ltr'>secundum:</span> <span class='ocrx_word' id='word_1_632' title='bbox 982 2189 1085 2231; x_wconf 86' lang='lat' dir='ltr'>Qiod</span> <span class='ocrx_word' id='word_1_633' title='bbox 1099 2200 1201 2223; x_wconf 87' lang='lat' dir='ltr'>autem</span> <span class='ocrx_word' id='word_1_634' title='bbox 1217 2191 1310 2234; x_wconf 83' lang='lat' dir='ltr'>gratia</span> <span class='ocrx_word' id='word_1_635' title='bbox 1318 2187 1419 2223; x_wconf 87' lang='lat' dir='ltr'>habita</span> <span class='ocrx_word' id='word_1_636' title='bbox 1434 2200 1582 2223; x_wconf 86' lang='lat' dir='ltr'>mereatur</span> <span class='ocrx_word' id='word_1_637' title='bbox 1590 2192 1703 2234; x_wconf 86' lang='lat' dir='ltr'>augeri,</span> <span class='ocrx_word' id='word_1_638' title='bbox 1712 2189 1822 2234; x_wconf 85' lang='lat' dir='ltr'>probat</span> 
     </span>
     <span class='ocr_line' id='line_1_46' title="bbox 332 2235 1820 2283; baseline -0.001 -12"><span class='ocrx_word' id='word_1_639' title='bbox 332 2239 492 2271; x_wconf 81' lang='lat' dir='ltr'>Antoritas</span> <span class='ocrx_word' id='word_1_640' title='bbox 507 2239 668 2283; x_wconf 86' lang='lat' dir='ltr'>Augustini</span> <span class='ocrx_word' id='word_1_641' title='bbox 683 2239 815 2282; x_wconf 83' lang='lat' dir='ltr'>superius</span> <span class='ocrx_word' id='word_1_642' title='bbox 835 2236 960 2280; x_wconf 81' lang='lat' dir='ltr'>allegata</span> <span class='ocrx_word' id='word_1_643' title='bbox 970 2260 982 2275; x_wconf 85' lang='lat'><em>‚</em></span> <span class='ocrx_word' id='word_1_644' title='bbox 1007 2235 1110 2269; x_wconf 88' lang='lat' dir='ltr'>Gratia</span> <span class='ocrx_word' id='word_1_645' title='bbox 1119 2236 1380 2279; x_wconf 80' lang='lat' dir='ltr'>meretur-augeri,</span> <span class='ocrx_word' id='word_1_646' title='bbox 1405 2245 1438 2269; x_wconf 85' lang='lat' dir='ltr'>vt</span> <span class='ocrx_word' id='word_1_647' title='bbox 1457 2237 1541 2269; x_wconf 63' lang='lat' dir='ltr'>aii-Sta</span> <span class='ocrx_word' id='word_1_648' title='bbox 1555 2246 1704 2270; x_wconf 85' lang='lat' dir='ltr'>mereatur</span> <span class='ocrx_word' id='word_1_649' title='bbox 1715 2242 1745 2269; x_wconf 74' lang='lat' dir='ltr'>Sc</span> <span class='ocrx_word' id='word_1_650' title='bbox 1754 2247 1820 2280; x_wconf 88' lang='lat' dir='ltr'>per-</span> 
     </span>
     <span class='ocr_line' id='line_1_47' title="bbox 333 2280 1819 2326; baseline -0.002 -9"><span class='ocrx_word' id='word_1_651' title='bbox 333 2284 394 2317; x_wconf 82' lang='lat' dir='ltr'>fici.</span> <span class='ocrx_word' id='word_1_652' title='bbox 426 2284 560 2318; x_wconf 80' lang='lat' dir='ltr'>Vnde&amp;</span> <span class='ocrx_word' id='word_1_653' title='bbox 579 2282 721 2326; x_wconf 81' lang='lat' dir='ltr'>Parab.4.</span> <span class='ocrx_word' id='word_1_654' title='bbox 750 2281 873 2315; x_wconf 86' lang='lat' dir='ltr'>Posside</span> <span class='ocrx_word' id='word_1_655' title='bbox 890 2281 1063 2326; x_wconf 83' lang='lat' dir='ltr'>sapientiam</span> <span class='ocrx_word' id='word_1_656' title='bbox 1075 2304 1084 2318; x_wconf 87' lang='lat'><em>,</em></span> <span class='ocrx_word' id='word_1_657' title='bbox 1101 2280 1224 2316; x_wconf 85' lang='lat' dir='ltr'>&amp;dabit</span> <span class='ocrx_word' id='word_1_658' title='bbox 1238 2283 1327 2324; x_wconf 88' lang='lat' dir='ltr'>capiti</span> <span class='ocrx_word' id='word_1_659' title='bbox 1340 2292 1392 2314; x_wconf 93' lang='lat' dir='ltr'>tuo</span> <span class='ocrx_word' id='word_1_660' title='bbox 1406 2291 1569 2324; x_wconf 85' lang='lat' dir='ltr'>augmenta</span> <span class='ocrx_word' id='word_1_661' title='bbox 1581 2283 1755 2326; x_wconf 85' lang='lat' dir='ltr'>gratiarum.</span> <span class='ocrx_word' id='word_1_662' title='bbox 1782 2281 1819 2314; x_wconf 88' lang='lat' dir='ltr'>Et</span> 
     </span>
     <span class='ocr_line' id='line_1_48' title="bbox 333 2325 1820 2373; baseline -0.003 -11"><span class='ocrx_word' id='word_1_663' title='bbox 333 2330 417 2373; x_wconf 88' lang='lat' dir='ltr'>quod</span> <span class='ocrx_word' id='word_1_664' title='bbox 427 2329 489 2362; x_wconf 86' lang='lat' dir='ltr'>hoc</span> <span class='ocrx_word' id='word_1_665' title='bbox 497 2342 560 2362; x_wconf 91' lang='lat' dir='ltr'>non</span> <span class='ocrx_word' id='word_1_666' title='bbox 572 2327 647 2362; x_wconf 82' lang='lat' dir='ltr'>sitdc</span> <span class='ocrx_word' id='word_1_667' title='bbox 656 2327 812 2372; x_wconf 88' lang='lat' dir='ltr'>condigno</span> <span class='ocrx_word' id='word_1_668' title='bbox 822 2353 832 2368; x_wconf 86' lang='lat'>,</span> <span class='ocrx_word' id='word_1_669' title='bbox 840 2328 936 2373; x_wconf 87' lang='lat' dir='ltr'>potest</span> <span class='ocrx_word' id='word_1_670' title='bbox 950 2325 1068 2360; x_wconf 91' lang='lat' dir='ltr'>ostendi</span> <span class='ocrx_word' id='word_1_671' title='bbox 1077 2338 1131 2370; x_wconf 88' lang='lat' dir='ltr'>per</span> <span class='ocrx_word' id='word_1_672' title='bbox 1141 2328 1270 2361; x_wconf 87' lang='lat' dir='ltr'>rationes</span> <span class='ocrx_word' id='word_1_673' title='bbox 1279 2325 1422 2371; x_wconf 73' lang='lat' dir='ltr'>trigesimi</span> <span class='ocrx_word' id='word_1_674' title='bbox 1430 2327 1654 2371; x_wconf 89' lang='lat' dir='ltr'>quinticapituli</span> <span class='ocrx_word' id='word_1_675' title='bbox 1662 2325 1820 2360; x_wconf 83' lang='lat' dir='ltr'>ostenden-</span> 
     </span>
     <span class='ocr_line' id='line_1_49' title="bbox 336 2371 1819 2420; baseline -0.003 -13"><span class='ocrx_word' id='word_1_676' title='bbox 336 2387 379 2408; x_wconf 84' lang='lat' dir='ltr'>tes</span> <span class='ocrx_word' id='word_1_677' title='bbox 389 2376 476 2420; x_wconf 88' lang='lat' dir='ltr'>qnod</span> <span class='ocrx_word' id='word_1_678' title='bbox 486 2386 580 2419; x_wconf 83' lang='lat' dir='ltr'>gratia</span> <span class='ocrx_word' id='word_1_679' title='bbox 589 2387 651 2407; x_wconf 87' lang='lat' dir='ltr'>non</span> <span class='ocrx_word' id='word_1_680' title='bbox 662 2385 696 2406; x_wconf 84' lang='lat' dir='ltr'>ex</span> <span class='ocrx_word' id='word_1_681' title='bbox 706 2375 821 2408; x_wconf 85' lang='lat' dir='ltr'>meritis</span> <span class='ocrx_word' id='word_1_682' title='bbox 834 2371 1033 2417; x_wconf 85' lang='lat' dir='ltr'>autoperibus</span> <span class='ocrx_word' id='word_1_683' title='bbox 1046 2372 1164 2417; x_wconf 79' lang='lat' dir='ltr'>praeuijs</span> <span class='ocrx_word' id='word_1_684' title='bbox 1172 2398 1179 2410; x_wconf 87' lang='lat'>‚</span> <span class='ocrx_word' id='word_1_685' title='bbox 1195 2374 1344 2417; x_wconf 87' lang='lat' dir='ltr'>quoniam</span> <span class='ocrx_word' id='word_1_686' title='bbox 1353 2383 1425 2405; x_wconf 87' lang='lat' dir='ltr'>tunc</span> <span class='ocrx_word' id='word_1_687' title='bbox 1432 2383 1496 2404; x_wconf 90' lang='lat' dir='ltr'>non</span> <span class='ocrx_word' id='word_1_688' title='bbox 1506 2372 1576 2405; x_wconf 78' lang='lat' dir='ltr'>effer</span> <span class='ocrx_word' id='word_1_689' title='bbox 1585 2376 1675 2416; x_wconf 83' lang='lat' dir='ltr'>gmtia</span> <span class='ocrx_word' id='word_1_690' title='bbox 1684 2396 1693 2409; x_wconf 93' lang='lat'>‚</span> <span class='ocrx_word' id='word_1_691' title='bbox 1710 2371 1758 2403; x_wconf 92' lang='lat' dir='ltr'>sed</span> <span class='ocrx_word' id='word_1_692' title='bbox 1766 2371 1819 2404; x_wconf 79' lang='lat' dir='ltr'>de-</span> 
     </span>
     <span class='ocr_line' id='line_1_50' title="bbox 336 2417 1821 2464; baseline -0.002 -11"><span class='ocrx_word' id='word_1_693' title='bbox 336 2420 431 2454; x_wconf 86' lang='lat' dir='ltr'>bitum</span> <span class='ocrx_word' id='word_1_694' title='bbox 439 2446 449 2459; x_wconf 86' lang='lat'>‚</span> <span class='ocrx_word' id='word_1_695' title='bbox 469 2421 539 2453; x_wconf 73' lang='lat' dir='ltr'>cum</span> <span class='ocrx_word' id='word_1_696' title='bbox 555 2431 648 2453; x_wconf 90' lang='lat' dir='ltr'>omne</span> <span class='ocrx_word' id='word_1_697' title='bbox 655 2429 857 2464; x_wconf 86' lang='lat' dir='ltr'>augmentum</span> <span class='ocrx_word' id='word_1_698' title='bbox 873 2420 974 2462; x_wconf 84' lang='lat' dir='ltr'>gratiae</span> <span class='ocrx_word' id='word_1_699' title='bbox 990 2417 1023 2451; x_wconf 86' lang='lat' dir='ltr'>fit</span> <span class='ocrx_word' id='word_1_700' title='bbox 1031 2419 1126 2462; x_wconf 84' lang='lat' dir='ltr'>gratia</span> <span class='ocrx_word' id='word_1_701' title='bbox 1137 2441 1146 2455; x_wconf 85' lang='lat'><em>,</em></span> <span class='ocrx_word' id='word_1_702' title='bbox 1161 2418 1192 2453; x_wconf 77' lang='grc' dir='ltr'>ὅ(</span> <span class='ocrx_word' id='word_1_703' title='bbox 1200 2420 1300 2451; x_wconf 86' lang='lat' dir='ltr'>omnis</span> <span class='ocrx_word' id='word_1_704' title='bbox 1310 2421 1405 2461; x_wconf 84' lang='lat' dir='ltr'>gratia</span> <span class='ocrx_word' id='word_1_705' title='bbox 1418 2419 1548 2450; x_wconf 74' lang='lat' dir='ltr'>vniuoce</span> <span class='ocrx_word' id='word_1_706' title='bbox 1557 2417 1674 2451; x_wconf 87' lang='lat' dir='ltr'>dicatur</span> <span class='ocrx_word' id='word_1_707' title='bbox 1683 2428 1754 2449; x_wconf 88' lang='lat' dir='ltr'>cum</span> <span class='ocrx_word' id='word_1_708' title='bbox 1764 2418 1821 2450; x_wconf 87' lang='lat' dir='ltr'>alia</span> 
     </span>
     <span class='ocr_line' id='line_1_51' title="bbox 335 2462 1818 2511; baseline -0.003 -13"><span class='ocrx_word' id='word_1_709' title='bbox 335 2470 428 2511; x_wconf 83' lang='lat' dir='ltr'>gratis</span> <span class='ocrx_word' id='word_1_710' title='bbox 437 2467 516 2501; x_wconf 82' lang='lat' dir='ltr'>data.</span> <span class='ocrx_word' id='word_1_711' title='bbox 548 2465 625 2498; x_wconf 85' lang='lat' dir='ltr'>Item</span> <span class='ocrx_word' id='word_1_712' title='bbox 644 2464 662 2496; x_wconf 85' lang='lat' dir='ltr'>fi</span> <span class='ocrx_word' id='word_1_713' title='bbox 673 2468 740 2508; x_wconf 85' lang='lat' dir='ltr'>quis</span> <span class='ocrx_word' id='word_1_714' title='bbox 756 2465 852 2508; x_wconf 89' lang='lat' dir='ltr'>potest</span> <span class='ocrx_word' id='word_1_715' title='bbox 868 2465 1179 2508; x_wconf 87' lang='lat' dir='ltr'>mereriaugmentum</span> <span class='ocrx_word' id='word_1_716' title='bbox 1194 2466 1294 2508; x_wconf 83' lang='lat' dir='ltr'>gratiae</span> <span class='ocrx_word' id='word_1_717' title='bbox 1308 2463 1347 2495; x_wconf 91' lang='lat' dir='ltr'>de</span> <span class='ocrx_word' id='word_1_718' title='bbox 1355 2462 1528 2507; x_wconf 88' lang='lat' dir='ltr'>condigno,</span> <span class='ocrx_word' id='word_1_719' title='bbox 1565 2463 1640 2497; x_wconf 88' lang='lat' dir='ltr'>otest</span> <span class='ocrx_word' id='word_1_720' title='bbox 1656 2465 1763 2496; x_wconf 86' lang='lat' dir='ltr'>mereri</span> <span class='ocrx_word' id='word_1_721' title='bbox 1775 2463 1818 2494; x_wconf 86' lang='lat' dir='ltr'>al-</span> 
     </span>
     <span class='ocr_line' id='line_1_52' title="bbox 336 2475 1818 2553; baseline -0.003 -8"><span class='ocrx_word' id='word_1_722' title='bbox 336 2515 446 2545; x_wconf 90' lang='lat' dir='ltr'>tiorem</span> <span class='ocrx_word' id='word_1_723' title='bbox 462 2511 558 2545; x_wconf 81' lang='lat' dir='ltr'>sedem</span> <span class='ocrx_word' id='word_1_724' title='bbox 570 2512 601 2544; x_wconf 90' lang='lat' dir='ltr'>in</span> <span class='ocrx_word' id='word_1_725' title='bbox 620 2511 647 2542; x_wconf 85' lang='lat' dir='ltr'>C</span> <span class='ocrx_word' id='word_1_726' title='bbox 651 2511 716 2543; x_wconf 85' lang='lat' dir='ltr'>oelo</span> <span class='ocrx_word' id='word_1_727' title='bbox 727 2517 757 2543; x_wconf 73' lang='grc' dir='ltr'>ὅ(</span> <span class='ocrx_word' id='word_1_728' title='bbox 774 2507 964 2544; x_wconf 81' lang='lat' dir='ltr'>intensiorem</span> <span class='ocrx_word' id='word_1_729' title='bbox 981 2508 1197 2543; x_wconf 87' lang='lat' dir='ltr'>beatitudinem</span> <span class='ocrx_word' id='word_1_730' title='bbox 1210 2532 1223 2546; x_wconf 75' lang='lat'>‚</span> <span class='ocrx_word' id='word_1_731' title='bbox 1245 2509 1276 2543; x_wconf 73' lang='grc' dir='ltr'>ἂ</span> <span class='ocrx_word' id='word_1_732' title='bbox 1291 2519 1435 2551; x_wconf 85' lang='lat' dir='ltr'>magnam</span> <span class='ocrx_word' id='word_1_733' title='bbox 1448 2475 1818 2553; x_wconf 66' lang='lat' dir='ltr'>latitudinem,&amp;portio-</span> 
     </span>
     <span class='ocr_line' id='line_1_53' title="bbox 337 2553 1818 2600; baseline -0.003 -9"><span class='ocrx_word' id='word_1_734' title='bbox 337 2570 407 2591; x_wconf 87' lang='lat' dir='ltr'>nem</span> <span class='ocrx_word' id='word_1_735' title='bbox 419 2557 495 2590; x_wconf 87' lang='lat' dir='ltr'>illius</span> <span class='ocrx_word' id='word_1_736' title='bbox 509 2567 652 2589; x_wconf 75' lang='lat' dir='ltr'>aeternam</span> <span class='ocrx_word' id='word_1_737' title='bbox 668 2556 799 2589; x_wconf 84' lang='lat' dir='ltr'>fimiliter</span> <span class='ocrx_word' id='word_1_738' title='bbox 808 2555 845 2588; x_wconf 86' lang='lat' dir='ltr'>de</span> <span class='ocrx_word' id='word_1_739' title='bbox 860 2555 1033 2599; x_wconf 84' lang='lat' dir='ltr'>condigno,</span> <span class='ocrx_word' id='word_1_740' title='bbox 1056 2555 1138 2600; x_wconf 93' lang='lat' dir='ltr'>quod</span> <span class='ocrx_word' id='word_1_741' title='bbox 1148 2553 1255 2587; x_wconf 88' lang='lat' dir='ltr'>falsum</span> <span class='ocrx_word' id='word_1_742' title='bbox 1264 2555 1312 2586; x_wconf 89' lang='lat' dir='ltr'>est.</span> <span class='ocrx_word' id='word_1_743' title='bbox 1340 2555 1378 2587; x_wconf 92' lang='lat' dir='ltr'>In</span> <span class='ocrx_word' id='word_1_744' title='bbox 1389 2554 1494 2586; x_wconf 82' lang='lat' dir='ltr'>iustitia</span> <span class='ocrx_word' id='word_1_745' title='bbox 1502 2557 1583 2587; x_wconf 89' lang='lat' dir='ltr'>enim</span> <span class='ocrx_word' id='word_1_746' title='bbox 1599 2555 1818 2587; x_wconf 83' lang='lat' dir='ltr'>comi-nutatiua</span> 
     </span>
     <span class='ocr_line' id='line_1_54' title="bbox 336 2597 1816 2647; baseline -0.002 -11"><span class='ocrx_word' id='word_1_747' title='bbox 336 2603 373 2636; x_wconf 90' lang='lat' dir='ltr'>dc</span> <span class='ocrx_word' id='word_1_748' title='bbox 381 2603 539 2646; x_wconf 80' lang='lat' dir='ltr'>condigno</span> <span class='ocrx_word' id='word_1_749' title='bbox 553 2601 756 2647; x_wconf 87' lang='lat' dir='ltr'>reqtiiriturad</span> <span class='ocrx_word' id='word_1_750' title='bbox 765 2606 866 2634; x_wconf 88' lang='lat' dir='ltr'>minus</span> <span class='ocrx_word' id='word_1_751' title='bbox 874 2601 989 2646; x_wconf 83' lang='lat' dir='ltr'>aequale</span> <span class='ocrx_word' id='word_1_752' title='bbox 997 2612 1052 2644; x_wconf 88' lang='lat' dir='ltr'>pro</span> <span class='ocrx_word' id='word_1_753' title='bbox 1060 2600 1168 2643; x_wconf 82' lang='lat' dir='ltr'>aequali</span> <span class='ocrx_word' id='word_1_754' title='bbox 1178 2625 1188 2640; x_wconf 95' lang='lat'>‚</span> <span class='ocrx_word' id='word_1_755' title='bbox 1197 2611 1228 2633; x_wconf 90' lang='lat' dir='ltr'>vt</span> <span class='ocrx_word' id='word_1_756' title='bbox 1238 2610 1319 2644; x_wconf 85' lang='lat' dir='ltr'>patet</span> <span class='ocrx_word' id='word_1_757' title='bbox 1329 2609 1357 2642; x_wconf 88' lang='grc' dir='ltr'>ς,</span> <span class='ocrx_word' id='word_1_758' title='bbox 1368 2597 1464 2633; x_wconf 86' lang='lat' dir='ltr'>Ethic.</span> <span class='ocrx_word' id='word_1_759' title='bbox 1476 2605 1506 2632; x_wconf 90' lang='lat'>6.</span> <span class='ocrx_word' id='word_1_760' title='bbox 1517 2602 1547 2634; x_wconf 75' lang='grc' dir='ltr'>ὅ(</span> <span class='ocrx_word' id='word_1_761' title='bbox 1555 2601 1618 2642; x_wconf 90' lang='lat' dir='ltr'>post</span> <span class='ocrx_word' id='word_1_762' title='bbox 1625 2598 1731 2633; x_wconf 74' lang='lat' dir='ltr'>diffuse</span> <span class='ocrx_word' id='word_1_763' title='bbox 1740 2623 1751 2640; x_wconf 89' lang='lat'>,</span> <span class='ocrx_word' id='word_1_764' title='bbox 1767 2598 1816 2633; x_wconf 89' lang='lat' dir='ltr'>sed</span> 
     </span>
     <span class='ocr_line' id='line_1_55' title="bbox 335 2643 1816 2693; baseline -0.003 -12"><span class='ocrx_word' id='word_1_765' title='bbox 335 2651 472 2693; x_wconf 78' lang='lat' dir='ltr'>operatio</span> <span class='ocrx_word' id='word_1_766' title='bbox 483 2658 698 2681; x_wconf 84' lang='lat' dir='ltr'>momentanea</span> <span class='ocrx_word' id='word_1_767' title='bbox 709 2645 827 2690; x_wconf 79' lang='lat' dir='ltr'>gratiosi</span> <span class='ocrx_word' id='word_1_768' title='bbox 842 2657 903 2679; x_wconf 94' lang='lat' dir='ltr'>non</span> <span class='ocrx_word' id='word_1_769' title='bbox 913 2648 952 2680; x_wconf 90' lang='lat' dir='ltr'>est</span> <span class='ocrx_word' id='word_1_770' title='bbox 960 2658 1045 2691; x_wconf 85' lang='lat' dir='ltr'>aeque</span> <span class='ocrx_word' id='word_1_771' title='bbox 1054 2645 1150 2683; x_wconf 86' lang='lat' dir='ltr'>bona,</span> <span class='ocrx_word' id='word_1_772' title='bbox 1171 2644 1244 2678; x_wconf 83' lang='lat' dir='ltr'>licut</span> <span class='ocrx_word' id='word_1_773' title='bbox 1253 2655 1331 2679; x_wconf 81' lang='lat' dir='ltr'>tanin</span> <span class='ocrx_word' id='word_1_774' title='bbox 1340 2646 1442 2689; x_wconf 91' lang='lat' dir='ltr'>portio</span> <span class='ocrx_word' id='word_1_775' title='bbox 1459 2644 1649 2678; x_wconf 73' lang='lat' dir='ltr'>beatitudinis</span> <span class='ocrx_word' id='word_1_776' title='bbox 1663 2643 1816 2689; x_wconf 87' lang='lat' dir='ltr'>sempiter-</span> 
     </span>
    </p>

    <p class='ocr_par' dir='ltr' id='par_1_4' title="bbox 153 2689 1815 2875">
     <span class='ocr_line' id='line_1_56' title="bbox 153 2689 1815 2746; baseline -0.004 -18"><span class='ocrx_word' id='word_1_777' title='bbox 153 2709 283 2746; x_wconf 72' lang='lat' dir='ltr'>Apostolus.</span> <span class='ocrx_word' id='word_1_778' title='bbox 334 2707 391 2731; x_wconf 62' lang='grc' dir='ltr'>ηας</span> <span class='ocrx_word' id='word_1_779' title='bbox 413 2694 505 2727; x_wconf 88' lang='lat' dir='ltr'>Vnde</span> <span class='ocrx_word' id='word_1_780' title='bbox 514 2693 678 2736; x_wconf 83' lang='lat' dir='ltr'>Apostolus</span> <span class='ocrx_word' id='word_1_781' title='bbox 691 2693 727 2725; x_wconf 83' lang='lat' dir='ltr'>ad</span> <span class='ocrx_word' id='word_1_782' title='bbox 740 2692 877 2726; x_wconf 84' lang='lat' dir='ltr'>Rom.8.</span> <span class='ocrx_word' id='word_1_783' title='bbox 904 2692 1050 2726; x_wconf 86' lang='lat' dir='ltr'>Existimo</span> <span class='ocrx_word' id='word_1_784' title='bbox 1063 2691 1216 2735; x_wconf 89' lang='lat' dir='ltr'>quodnon</span> <span class='ocrx_word' id='word_1_785' title='bbox 1232 2689 1297 2724; x_wconf 91' lang='lat' dir='ltr'>sunt</span> <span class='ocrx_word' id='word_1_786' title='bbox 1310 2689 1472 2735; x_wconf 80' lang='lat' dir='ltr'>condignae</span> <span class='ocrx_word' id='word_1_787' title='bbox 1484 2689 1635 2735; x_wconf 85' lang='lat' dir='ltr'>passiones</span> <span class='ocrx_word' id='word_1_788' title='bbox 1645 2689 1732 2723; x_wconf 88' lang='lat' dir='ltr'>huius</span> <span class='ocrx_word' id='word_1_789' title='bbox 1742 2700 1815 2722; x_wconf 91' lang='lat' dir='ltr'>tem-</span> 
     </span>
     <span class='ocr_line' id='line_1_57' title="bbox 153 2734 1815 2782; baseline -0.003 -9"><span class='ocrx_word' id='word_1_790' title='bbox 153 2753 222 2778; x_wconf 80' lang='lat' dir='ltr'>Rom.</span> <span class='ocrx_word' id='word_1_791' title='bbox 232 2753 256 2779; x_wconf 75' lang='lat'>3,</span> <span class='ocrx_word' id='word_1_792' title='bbox 354 2743 412 2772; x_wconf 83' lang='lat' dir='ltr'>oris</span> <span class='ocrx_word' id='word_1_793' title='bbox 422 2739 459 2771; x_wconf 89' lang='lat' dir='ltr'>ad</span> <span class='ocrx_word' id='word_1_794' title='bbox 469 2739 600 2771; x_wconf 90' lang='lat' dir='ltr'>futuram</span> <span class='ocrx_word' id='word_1_795' title='bbox 611 2739 736 2781; x_wconf 79' lang='lat' dir='ltr'>gloriam</span> <span class='ocrx_word' id='word_1_796' title='bbox 744 2750 810 2782; x_wconf 80' lang='lat' dir='ltr'>qtiae</span> <span class='ocrx_word' id='word_1_797' title='bbox 820 2736 1000 2772; x_wconf 87' lang='lat' dir='ltr'>reuelabitur</span> <span class='ocrx_word' id='word_1_798' title='bbox 1008 2739 1038 2771; x_wconf 91' lang='lat' dir='ltr'>in</span> <span class='ocrx_word' id='word_1_799' title='bbox 1046 2736 1152 2772; x_wconf 69' lang='lat' dir='ltr'>nobisi</span> <span class='ocrx_word' id='word_1_800' title='bbox 1163 2734 1267 2770; x_wconf 88' lang='lat' dir='ltr'>Gloffa</span> <span class='ocrx_word' id='word_1_801' title='bbox 1293 2737 1444 2776; x_wconf 83' lang='lat' dir='ltr'>existimo,</span> <span class='ocrx_word' id='word_1_802' title='bbox 1451 2736 1481 2771; x_wconf 76' lang='grc' dir='ltr'>ὅ(</span> <span class='ocrx_word' id='word_1_803' title='bbox 1490 2737 1563 2775; x_wconf 80' lang='lat' dir='ltr'>scio,</span> <span class='ocrx_word' id='word_1_804' title='bbox 1570 2735 1655 2779; x_wconf 92' lang='lat' dir='ltr'>quod</span> <span class='ocrx_word' id='word_1_805' title='bbox 1664 2734 1815 2778; x_wconf 83' lang='lat' dir='ltr'>passiones</span> 
     </span>
     <span class='ocr_line' id='line_1_58' title="bbox 155 2751 1815 2830; baseline -0.003 -13"><span class='ocrx_word' id='word_1_806' title='bbox 155 2791 242 2830; x_wconf 71' lang='lat' dir='ltr'>Gloffa,</span> <span class='ocrx_word' id='word_1_807' title='bbox 332 2751 423 2818; x_wconf 56' lang='lat' dir='ltr'>huius</span> <span class='ocrx_word' id='word_1_808' title='bbox 437 2786 579 2829; x_wconf 84' lang='lat' dir='ltr'>temporis</span> <span class='ocrx_word' id='word_1_809' title='bbox 588 2808 597 2823; x_wconf 91' lang='lat'>,</span> <span class='ocrx_word' id='word_1_810' title='bbox 614 2785 643 2818; x_wconf 90' lang='lat' dir='ltr'>id</span> <span class='ocrx_word' id='word_1_811' title='bbox 653 2785 692 2818; x_wconf 86' lang='lat' dir='ltr'>est</span> <span class='ocrx_word' id='word_1_812' title='bbox 702 2809 711 2823; x_wconf 92' lang='lat'>,</span> <span class='ocrx_word' id='word_1_813' title='bbox 725 2784 907 2827; x_wconf 85' lang='lat' dir='ltr'>temporales</span> <span class='ocrx_word' id='word_1_814' title='bbox 918 2784 1176 2818; x_wconf 77' lang='lat' dir='ltr'>&amp;momentaneae</span> <span class='ocrx_word' id='word_1_815' title='bbox 1184 2807 1193 2822; x_wconf 90' lang='lat'>‚</span> <span class='ocrx_word' id='word_1_816' title='bbox 1202 2793 1265 2815; x_wconf 91' lang='lat' dir='ltr'>non</span> <span class='ocrx_word' id='word_1_817' title='bbox 1287 2793 1339 2815; x_wconf 89' lang='lat' dir='ltr'>unt</span> <span class='ocrx_word' id='word_1_818' title='bbox 1347 2781 1508 2825; x_wconf 76' lang='lat' dir='ltr'>condignae</span> <span class='ocrx_word' id='word_1_819' title='bbox 1516 2808 1526 2822; x_wconf 89' lang='lat'><strong>‚</strong></span> <span class='ocrx_word' id='word_1_820' title='bbox 1535 2781 1566 2813; x_wconf 89' lang='lat' dir='ltr'>id</span> <span class='ocrx_word' id='word_1_821' title='bbox 1576 2781 1614 2813; x_wconf 84' lang='lat' dir='ltr'>est</span> <span class='ocrx_word' id='word_1_822' title='bbox 1622 2779 1815 2817; x_wconf 82' lang='lat' dir='ltr'>sufficientes,</span> 
     </span>
     <span class='ocr_line' id='line_1_59' title="bbox 330 2826 1814 2875; baseline -0.003 -12"><span class='ocrx_word' id='word_1_823' title='bbox 330 2830 351 2863; x_wconf 92' lang='lat' dir='ltr'>si</span> <span class='ocrx_word' id='word_1_824' title='bbox 359 2831 487 2865; x_wconf 67' lang='lat' dir='ltr'>districte</span> <span class='ocrx_word' id='word_1_825' title='bbox 496 2840 634 2875; x_wconf 78' lang='lat' dir='ltr'>ageretur</span> <span class='ocrx_word' id='word_1_826' title='bbox 640 2826 847 2869; x_wconf 84' lang='lat' dir='ltr'>nobiscum,ad</span> <span class='ocrx_word' id='word_1_827' title='bbox 856 2828 1090 2875; x_wconf 74' lang='lat' dir='ltr'>promerendam</span> <span class='ocrx_word' id='word_1_828' title='bbox 1098 2828 1229 2863; x_wconf 85' lang='lat' dir='ltr'>futuram</span> <span class='ocrx_word' id='word_1_829' title='bbox 1237 2827 1554 2873; x_wconf 73' lang='lat' dir='ltr'>gloriaszribulatio</span> <span class='ocrx_word' id='word_1_830' title='bbox 1564 2826 1764 2872; x_wconf 80' lang='lat' dir='ltr'>namqueipsa</span> <span class='ocrx_word' id='word_1_831' title='bbox 1773 2827 1814 2861; x_wconf 89' lang='lat' dir='ltr'>est</span> 
     </span>
    </p>

    <p class='ocr_par' dir='ltr' id='par_1_5' title="bbox 1744 2884 1812 2907">
     <span class='ocr_line' id='line_1_60' title="bbox 1744 2884 1812 2907; baseline 0.029 -2"><span class='ocrx_word' id='word_1_832' title='bbox 1744 2884 1812 2907; x_wconf 87' lang='lat' dir='ltr'>curn</span> 
     </span>
    </p>
   </div>
  </div>
 </body>
</html>
