1985 3130
136 141 279 194 Car.
308 163 370 202 51,
798 145 870 196 De
892 146 1013 212 Cauſsa
1035 151 1140 199 Dei.
1690 159 1775 218 829

139 246 173 279 A
196 242 319 279 Melior,
337 243 488 285 inquiens,
504 241 724 273 estdi'esvnain
734 241 883 275 atrijstuis
898 240 1104 283 supermillia‚
1127 241 1210 284 quasi
1225 242 1320 280 dicat,
1344 247 1373 276 in
1391 247 1472 282 atriis
1487 247 1543 278 tuis
1559 247 1598 279 est
1616 259 1682 282 tan.

196 287 355 319 tiimmodo
370 288 430 319 dies
450 298 507 318 vna
519 311 528 325 ,
544 298 606 319 non
624 287 723 318 mulne
745 287 838 317 vnico
854 296 968 318 tantum
987 287 1104 324 modo,
1133 289 1163 320 ὅ(
1178 289 1248 321 ideo
1265 289 1482 323 indiuisibilirer
1497 293 1613 336 semper
1634 296 1682 326 in-

193 333 282 364 stans.
320 332 395 365 Haec
407 342 498 365 etiam
516 343 574 363 vna
590 332 651 363 dies
669 330 766 375 petest
782 329 840 362 dici
855 329 985 364 similiter
1003 332 1064 363 dies
1080 333 1165 364 multi
1177 357 1186 371 ‚
1214 336 1245 368 6(
1261 338 1349 368 eiiam
1367 338 1438 367 anni
1455 337 1542 369 muln·
1561 351 1570 370 3
1590 340 1681 373 Vnde

193 377 258 409 Iob.
283 389 326 410 ιο.
344 378 495 420 Nunquid
515 376 585 409 sicut
601 377 664 409 dies
680 377 817 408 huminis
832 376 894 408 dies
908 378 970 414 tui,
995 379 1025 412 ὅ(
1042 388 1112 410 anni
1133 380 1174 410 tui
1193 377 1266 412 ficut
1282 379 1415 414 humana
1431 380 1497 415 sunt
1513 391 1650 427 tempora
1668 392 1680 417 .>

192 423 230 455 Et
250 423 327 455 infra
345 428 397 468 36.
421 423 574 455 Numerus
590 432 740 454 annorum
756 429 818 454 eius
835 422 1045 455 inaestimabilis
1063 436 1072 456 ε
1097 423 1135 455 Et
1154 423 1273 456 Psalmo
1289 429 1336 469 76.
1363 427 1507 472 Cogitaui
1521 428 1584 461 dics
1600 432 1680 462 ami.

190 480 278 512 quos,
299 469 330 503 ἀ
347 480 443 501 annos
460 479 605 506 aeternos,
630 469 659 499 in
676 479 775 500 mente
790 467 882 499 habui
899 481 906 498 z
936 469 971 499 Lr
989 467 1120 501 Psalmo.
1137 478 1206 500 101.
1234 470 1284 502 Tu
1300 482 1400 504 autem
1414 473 1559 516 idemipse
1572 486 1621 512 es,
1646 482 1678 509 ὃς

188 516 259 546 anni
275 525 316 547 tui
335 525 398 547 non
416 514 565 547 deficient.
599 513 699 545 Potest
713 514 745 546 ἃ
763 513 849 545 simili
866 515 983 546 ratione
999 514 1056 546 dici
1075 515 1261 557 singulariter
1277 519 1308 551 ὅ(
1330 518 1480 559 pluraliter
1494 530 1587 553 omne
1601 531 1677 557 rem„

189 571 262 604 pus,
287 564 318 591 Sc
334 562 436 592 omnia
452 570 586 604 tempora
603 573 615 597 ς
638 558 821 602 singulariter
842 570 935 591 omne
957 570 1078 603 tempus
1090 584 1097 595 ,
1120 571 1192 604 quia
1208 559 1394 604 singulariter
1410 571 1440 597 3<
1461 563 1677 599 indiuisibiliier

188 611 275 639 omni
287 607 417 648 tempori
433 606 585 644 coexistit,
601 609 630 639 δέ
647 606 810 648 :cquiualct
826 605 1000 643 existend03
1017 606 1047 639 ὁ(
1065 605 1215 649 pluraliter
1230 610 1336 639 omnia
1353 619 1489 653 tempora
1501 634 1508 646 ,
1523 613 1593 653 quia
1608 623 1676 645 om-

189 650 277 686 nibus
299 649 486 694 temporibus
513 651 653 683 stabiliter
671 650 806 684 coexistit
829 651 859 684 ὃ(
883 650 1042 695 :equiualct
1066 651 1221 684 existendo
1250 666 1257 685 ε
1280 653 1382 686 Potest
1397 657 1486 687 etiam
1503 656 1562 688 dici·
1579 660 1676 692 maior

188 695 327 742 quolibet
350 707 490 739 tempore
507 707 598 728 etiam
615 695 753 734 infinito,
788 695 806 726 fi
831 696 993 728 secundum
1016 696 1208 730 Aristotelem
1228 697 1414 742 supponatur
1437 701 1521 744 quod
1538 703 1676 745 quolibet

186 753 321 784 tempore
335 743 470 786 superior
485 742 524 773 est
540 746 570 776 δι
587 744 686 784 prior,
705 740 776 773 sicut
790 738 919 784 superius
933 744 971 774 est
988 742 1134 774 ostensum
1148 766 1157 779 ,
1183 755 1239 775 nec
1253 746 1411 788 quicquam
1430 746 1470 778 ibi
1485 745 1556 778 licut
1570 749 1599 778 i'n
1620 749 1675 781 flii-

129 785 154 817 B
185 788 270 820 xibili
285 799 423 831 tempore
437 788 560 825 defluit,
593 788 640 820 vel
653 789 801 824 aufertur,
832 787 880 818 scd
898 787 1035 820 stabiliter
1050 799 1205 831 permanet
1221 800 1322 822 tetum
1345 789 1444 824 simul.
1477 793 1591 824 Vtrum
1607 794 1674 827 licet

184 845 333 867 aeternitas
350 835 442 877 possit
458 832 664 877 metaphorice
680 844 772 865 omne
783 843 899 875 tempus
917 840 946 865 ἔξ
965 836 1068 866 omnia
1086 846 1226 877 tempora
1242 841 1429 878 nuncupari,
1453 839 1550 881 petest
1570 849 1670 871 tamen

185 879 215 913 ὃ(
235 880 342 913 instans
359 878 521 922 figuraliter
536 880 702 916 nominari,
719 878 883 910 secundum
900 879 972 911 illud
985 876 1412 924 Ecclesiaisticiquadragefimo
1422 881 1553 916 secundo
1565 908 1571 918 .
1584 885 1671 928 Cog-

184 927 272 958 nouit
296 927 449 958 Dominus
471 935 596 956 omnem
617 924 786 962 scienti-im,
823 931 852 957 ὅ(
874 923 1001 967 inspexit
1025 936 1053 957 in
1073 924 1188 968 signum
1206 928 1262 958 aeui
1280 940 1288 959 e
1315 927 1382 959 lino
1397 928 1426 961 δ’(
1451 930 1545 960 verius
1562 931 1671 963 instans

185 982 276 1015 quam
295 982 415 1014 tempus
430 970 477 1003 vel
494 981 650 1014 tempora,
679 972 748 1013 quin
768 970 1035 1007 insiicselsibilzter,
1058 970 1293 1014 impartibiliter,
1315 973 1540 1006 immutabiliter
1562 976 1669 1009 eadem

184 1028 312 1050 numero
328 1015 442 1060 semper
459 1016 553 1048 instat.
589 1018 632 1048 Vt
654 1026 752 1047 autem
768 1016 954 1048 intellectum
972 1017 1147 1059 praedit'tnm
1163 1019 1260 1050 Sacrae
1275 1019 1432 1061 Scripturae
1447 1030 1499 1062 per
1513 1019 1610 1056 sacros
1627 1032 1669 1053 te-

187 1065 241 1096 stes
266 1061 444 1095 confirmem
455 1085 462 1098 ‚
496 1062 574 1093 Ecce
603 1062 786 1104 Augustinus
816 1061 900 1104 super
931 1061 1002 1093 illud
1032 1061 1144 1095 Psalmi
1171 1061 1350 1106 oistogesimi
1375 1075 1451 1102 tertii
1483 1066 1642 1110 allegatum
1653 1092 1666 1107 ‚
1685 1081 1831 1115 vaustnm

183 1109 396 1141 Contemnant
408 1131 417 1143 ,
446 1108 564 1152 inquit,
587 1106 726 1139 homines
742 1108 831 1139 millia
847 1108 982 1145 dierum,
1011 1106 1178 1140 deiidcrent
1195 1120 1288 1142 vnurn
1306 1110 1386 1142 diem
1398 1135 1406 1148 ,
1428 1113 1478 1154 qui
1494 1122 1554 1144 non
1571 1113 1662 1146 habet
1725 1107 1741 1120 ᾳ
1806 1106 1811 1110 ⁷
1832 1108 1838 1113 '

180 1165 281 1187 ortum
303 1154 333 1187 ὃ(
351 1154 503 1190 occasum,
529 1163 623 1185 vnum
645 1152 744 1189 diem,
775 1152 853 1186 diem
877 1154 1107 1195 sempiternum,
1133 1156 1179 1187 cui
1204 1166 1265 1186 non
1281 1155 1358 1188 cedit
1378 1155 1547 1196 hesternus,
1570 1171 1660 1203 quem

180 1211 244 1234 non
259 1209 345 1243 vrget
358 1201 502 1231 crastinus.
540 1200 604 1241 Qu·
624 1199 653 1232 ὁ(
673 1208 701 1237 3.
721 1199 878 1231 Delibero
894 1198 1025 1232 arbitrio.
1049 1199 1102 1231 vlt.
1127 1200 1252 1233 eandem
1276 1204 1467 1234 autoritatem
1490 1214 1661 1247 exponens,

179 1245 287 1281 Miltia,
311 1255 427 1287 inquit,
452 1243 566 1275 dierum
584 1254 612 1273 in
628 1246 770 1286 temporis
788 1244 985 1276 mutabilitate
1000 1246 1215 1286 intelligantur,
1239 1248 1327 1278 vuius
1340 1258 1441 1278 autem
1457 1247 1514 1279 diei
1534 1252 1660 1283 nomine

177 1289 462 1323 incommutabilitas
479 1292 648 1321 aeternitatis
664 1300 796 1322 vocetur.
843 1292 911 1332 Qi
930 1292 1019 1322 etiam
1043 1301 1068 1325 ι.
1085 1292 1223 1322 Coiitesl.
1240 1296 1271 1324 6.
1299 1292 1376 1324 Non
1394 1296 1513 1326 mut-iris
1526 1319 1534 1332 ,
1564 1308 1661 1340 neque

120 1339 151 1375 C
178 1339 330 1380 peragitur
347 1346 374 1368 in
391 1345 420 1367 te
434 1334 595 1368 hodiernus
612 1334 673 1366 dies
686 1360 694 1373 ,
710 1346 854 1377 quoniam
871 1346 940 1367 :inni
958 1347 998 1368 tui
1017 1347 1079 1367 not·
1097 1336 1236 1369 deficient
1252 1350 1262 1374 ς
1279 1337 1363 1369 Anni
1381 1340 1421 1370 tui
1439 1337 1603 1375 hodiernus
1620 1342 1662 1375 di.

176 1394 217 1415 es.
268 1383 375 1425 Qam
403 1381 487 1413 multi
508 1382 597 1412 nostri
620 1383 679 1412 iam
699 1380 762 1412 dies
783 1385 813 1414 ὸ(
837 1391 956 1422 patrum
980 1383 1151 1414 nostrorum
1168 1393 1219 1425 per
1234 1382 1415 1415 hodiernum
1434 1396 1517 1416 tuum
1538 1387 1662 1419 transie-

174 1438 244 1461 runt
262 1435 271 1458 ἒ
293 1429 329 1460 Et
346 1438 382 1458 ex
399 1427 450 1459 illo
465 1437 643 1468 acceperunt
657 1426 766 1458 moc'os
785 1438 938 1470 vrciinque
953 1429 1131 1465 exstiterint,
1159 1430 1188 1462 ἃ
1206 1426 1370 1462 transibunt
1384 1429 1481 1462 adhuc
1501 1431 1548 1468 alij
1567 1432 1597 1465 ἃ
1612 1444 1663 1465 ac-

176 1475 304 1516 cipient,
327 1479 357 1506 δι
381 1481 531 1514 victuique
547 1472 668 1503 existent
686 1485 695 1509 ς
720 1483 751 1503 tu
769 1483 868 1504 autem
885 1473 962 1505 idem
987 1471 1047 1515 ipsc
1061 1485 1110 1511 es,
1133 1476 1163 1506 ἀ
1180 1475 1285 1505 omnia
1301 1476 1423 1507 crastina
1438 1487 1526 1518 atque
1542 1478 1661 1517 vltinia,

174 1521 340 1560 omniaque
357 1517 489 1551 hesterna
503 1519 533 1551 ὅ(
549 1527 628 1548 retro
645 1517 736 1549 bodie
749 1516 838 1550 facies
850 1540 857 1551 ,
880 1517 973 1550 hodie
987 1518 1091 1555 iecisti.
1116 1519 1200 1560 Qid
1218 1519 1254 1553 ad
1271 1530 1339 1556 me,
1359 1520 1378 1552 ii
1393 1523 1458 1565 quis
1474 1534 1537 1554 non
1554 1525 1661 1557 intelli-

175 1576 224 1608 gat
242 1571 251 1594 ἓ
279 1562 460 1597 Gaudeat&
477 1564 549 1607 ipse,
563 1562 679 1598 dicens,
704 1563 774 1606 quid
791 1562 851 1595 hoc
868 1565 908 1596 est
924 1563 1047 1606 gaudeat
1064 1571 1073 1594 ἒ
1102 1564 1137 1595 Et
1155 1563 1192 1596 fic
1211 1565 1241 1597 ὅ(
1257 1576 1336 1598 amet
1351 1569 1661 1602 iioni'nueni'endoin-

174 1610 275 1643 uenire
293 1611 393 1653 potius
405 1632 415 1646 ,
438 1611 532 1652 quam
550 1609 734 1641 inueniendo
749 1619 811 1642 non
826 1611 958 1641 inuenire
975 1620 1014 1641 te.
1041 1610 1127 1644 Idem
1143 1611 1233 1642 eriam
1255 1609 1341 1654 super
1359 1612 1431 1644 illud
1455 1612 1572 1646 Psalmi.
1592 1625 1662 1648 101.

176 1655 213 1688 In
227 1655 689 1699 generatione&generationem
698 1656 818 1688 annitui
833 1669 844 1693 3
865 1657 941 1696 Q,
957 1656 1066 1699 inquit.
1085 1666 1155 1688 anni
1170 1665 1229 1688 tui?
1257 1657 1343 1697 Qui,
1363 1655 1416 1689 nisi
1433 1660 1481 1701 qui
1499 1670 1561 1691 non
1578 1665 1660 1694 veni-

175 1713 230 1734 unt
245 1702 435 1737 &transeunt
452 1707 460 1722 ²
480 1701 541 1743 Qi
553 1724 564 1739 ,
582 1700 633 1732 nisi
645 1702 768 1742 quinon
781 1699 851 1732 ideo
867 1703 991 1733 veniunt
1010 1713 1041 1734 vt
1057 1712 1120 1732 non
1138 1701 1217 1733 sint?
1246 1703 1368 1736 Omnes
1381 1704 1461 1735 enim
1473 1704 1536 1736 dies
1552 1707 1581 1737 in
1598 1706 1660 1738 hoc

175 1757 311 1792 tempore
320 1746 389 1779 ideo
400 1748 523 1778 veniunt
532 1756 564 1778 vt
573 1757 633 1778 non
645 1745 710 1782 sint,
733 1757 833 1777 omnis
844 1745 930 1783 liora,
953 1749 1054 1780 omnis
1065 1746 1184 1783 mensis.
1197 1749 1301 1779 omnis
1313 1756 1427 1788 annus3
1440 1750 1528 1782 Nihil
1546 1750 1660 1785 hoium

174 1793 240 1832 stat,
265 1793 440 1836 Antequam
450 1793 560 1830 veniat,
574 1793 627 1824 erit
640 1816 648 1828 ‚
665 1802 733 1823 tum
750 1794 878 1828 venerit,
901 1795 1024 1825 nouerit
1040 1806 1050 1831 3
1075 1793 1120 1825 Illi
1136 1803 1208 1836 ergo
1222 1795 1292 1826 anni
1312 1796 1352 1826 tui
1368 1796 1469 1827 aeierni
1480 1820 1488 1834 ,
1504 1797 1586 1829 Anni
1603 1801 1659 1838 tui,

174 1841 223 1881 qui
240 1850 304 1870 non
320 1848 487 1875 mutantur,
503 1841 533 1870 in
549 1846 742 1881 generatione
758 1839 987 1879 generationum
1002 1849 1095 1871 erunt.
1132 1838 1208 1870 Non
1218 1842 1298 1871 enim
1306 1840 1385 1871 aliud
1395 1851 1466 1872 anni
1483 1842 1561 1880 Dei,
1581 1843 1611 1876 &t
1627 1856 1660 1874 :1-

115 1889 148 1920 D
174 1884 236 1916 liud
252 1884 332 1926 ipse,
357 1883 404 1916 sed
419 1884 487 1916 :inni
504 1884 562 1915 Dci
579 1894 725 1915 :eternitas
741 1885 797 1916 Dei
815 1884 853 1914 est
872 1897 881 1921 ς
896 1885 1041 1916 :eternitas
1058 1884 1117 1915 Dei
1135 1885 1194 1926 ipsa
1208 1886 1270 1916 eius
1287 1881 1443 1918 substantia
1459 1888 1517 1923 cst,
1542 1898 1608 1929 quae
1617 1891 1659 1920 ni·

171 1929 214 1961 hil
231 1929 318 1963 habet
335 1928 473 1962 mutabile
487 1929 538 1960 vbi
554 1928 627 1961 n⁴bil
643 1931 681 1961 cst
698 1930 880 1971 pra-teritum
893 1953 901 1965 ‚
925 1930 1005 1972 quasi
1025 1933 1082 1961 ιἰιιη
1099 1940 1161 1961 non
1179 1929 1231 1968 fit,
1252 1929 1326 1962 nihil
1342 1932 1382 1963 est
1398 1931 1549 1970 futurum,
1575 1934 1656 1975 quali

171 1975 310 2009 nondum
328 1973 381 2012 fit3
398 1975 475 2007 Non
491 1974 530 2006 est
544 1974 582 2005 ibi
601 1973 652 2005 nisi
669 1977 708 2007 cst
724 1999 731 2011 ‚
759 1976 836 2006 Non
854 1978 892 2006 est
909 1976 962 2006 fuit
979 1975 1008 2008 ὃ(
1027 1977 1097 2013 erit,
1118 1977 1186 2018 quia
1201 1979 1231 2009 ὃ(
1247 1976 1332 2019 quod
1343 1978 1398 2008 suit
1414 1979 1470 2009 iam
1488 1989 1549 2010 non
1566 1980 1656 2017 effi&

170 2021 257 2066 quod
273 2023 326 2052 erit
336 2020 472 2053 nondum
489 2021 529 2052 est
541 2044 548 2056 ,
566 2018 614 2052 scd
631 2020 770 2064 quicquid
782 2019 820 2052 ibi
835 2022 891 2054 cst,
913 2032 976 2051 iion
993 2020 1046 2053 nili
1064 2022 1114 2054 est.
1152 2021 1188 2051 Et
1204 2022 1279 2054 infra
1295 2019 1380 2063 super
1396 2023 1468 2055 illud
1481 2045 1488 2058 ‚
1514 2024 1595 2056 Anni
1613 2035 1655 2056 tui

170 2078 236 2100 nori
258 2065 414 2101 deficient,
442 2067 620 2109 Speremus,
644 2068 761 2110 inquit,
787 2076 932 2098 venturos
949 2077 1005 2098 nos
1026 2066 1062 2098 ad
1079 2065 1136 2098 hos
1153 2076 1249 2098 annos
1263 2068 1388 2106 stantes,
1417 2070 1447 2099 in
1465 2067 1575 2111 quibus
1592 2080 1654 2101 non

170 2114 296 2145 circuitu
320 2111 398 2144 Solis
414 2122 595 2155 peraguntur
609 2111 672 2143 dies
684 2135 691 2146 ,
716 2112 762 2143 scd
781 2122 880 2143 manet
903 2112 985 2153 quod
1001 2113 1041 2143 est
1060 2110 1142 2143 sicuti
1161 2112 1219 2150 cii,
1246 2114 1315 2155 quia
1332 2113 1392 2145 lioc
1406 2113 1500 2145 solum
1517 2116 1584 2146 vere
1602 2118 1653 2147 est.

170 2158 280 2191 Beatus
294 2167 418 2201 quoque
436 2158 603 2200 Gregorius
625 2162 674 2187 16.
692 2157 802 2189 Moral.
826 2162 871 2188 16.
892 2154 975 2200 super
989 2156 1060 2188 illud
1077 2155 1141 2188 Iob.
1154 2156 1299 2190 vicesimo
1316 2169 1434 2201 quarto.
1469 2160 1531 2200 Qi
1548 2170 1650 2192 autem

171 2214 325 2237 nonerunt
341 2214 411 2235 eum
428 2206 566 2246 ignorant
581 2202 642 2233 dies
658 2204 721 2233 cius
737 2214 744 2235 3
760 2202 843 2244 Qid
856 2227 863 2237 ,
882 2203 993 2243 inquit,
1017 2203 1077 2234 dies
1097 2203 1228 2234 Domini
1244 2202 1295 2235 nifi
1312 2205 1372 2246 ipsa
1391 2206 1539 2237 :eternitas
1557 2206 1655 2248 appel·
1674 2199 1809 2236 Gregorisa.

172 2249 245 2282 latur
261 2256 270 2280 ?
285 2250 363 2292 Qae
379 2259 599 2291 nonnunquam
614 2249 701 2280 vnius
716 2249 774 2280 diei
791 2257 1010 2289 permutatione
1021 2249 1214 2291 exprimitur,
1235 2247 1309 2280 ficut
1328 2249 1466 2293 scriptum
1482 2249 1543 2287 est,
1569 2252 1654 2281 Meli-

172 2305 209 2326 or
221 2296 260 2328 est
275 2293 337 2326 dies
359 2305 418 2326 vna
441 2295 471 2326 in
489 2295 569 2326 atriis
585 2303 639 2325 tuis
658 2294 741 2333 super
755 2294 847 2325 millia
869 2307 878 2331 3
901 2293 1136 2335 Nonnunquam
1156 2305 1228 2326 vero
1243 2305 1300 2337 pro
1317 2294 1366 2325 sua
1384 2294 1576 2327 multitudine
1593 2295 1654 2328 die-

171 2351 238 2372 rum
254 2339 419 2373 multorum
435 2339 636 2382 appellatione
654 2337 851 2380 fignificatur,
875 2337 912 2369 de
927 2338 1035 2382 quibus
1051 2339 1192 2382 scriptum
1205 2340 1264 2377 cst,
1290 2340 1321 2371 ln
1337 2339 1474 2372 saeculum
1490 2340 1584 2372 ili-culi
1601 2353 1652 2373 an-

171 2386 202 2418 ni
217 2387 272 2418 tui.
294 2386 365 2418 Nos
377 2387 479 2427 itaque
492 2387 569 2416 intra
583 2394 721 2426 tempora
736 2384 887 2416 voluimur
903 2396 954 2428 per
969 2383 1029 2416 hoc
1046 2384 1130 2427 quod
1145 2395 1285 2416 creatura·
1295 2384 1391 2416 sumus
1408 2397 1416 2419 ς
1442 2387 1524 2417 Deus
1539 2394 1651 2424 autem,

119 2438 142 2470 E
174 2433 241 2475 quia
259 2431 390 2462 Creator
405 2430 462 2466 est,
481 2431 583 2461 omnia
599 2431 763 2462 aeternitate
780 2430 829 2460 sua
848 2440 984 2472 tempora
1002 2431 1099 2462 nostra
1114 2429 1355 2472 comprehendit.
1381 2432 1447 2469 Qui
1467 2431 1496 2464 ὅ(
1516 2431 1598 2473 supin
1613 2441 1646 2471 9.

174 2476 290 2509 Moral.
306 2481 359 2508 26.
376 2473 461 2519 supet
476 2473 547 2508 illud
564 2473 629 2506 Iob.
643 2473 781 2513 decimo,
792 2475 942 2517 Nunquid
960 2474 1030 2507 litut
1046 2475 1109 2508 dics
1123 2475 1273 2512 hominis,
1291 2474 1354 2506 dies
1372 2477 1411 2506 tui
1430 2476 1485 2508 ἃς.
1500 2475 1573 2508 Dies
1584 2500 1592 2514 ,
1606 2480 1651 2507 i'n-

173 2525 246 2566 quit,
257 2520 366 2554 &anni
383 2520 519 2553 hominis
535 2521 552 2551 'a
569 2518 674 2552 diebus
689 2527 720 2553 8(
737 2522 819 2552 annis
835 2519 996 2562 discrepant
1013 2521 1200 2556 aetcrnitaiis,
1227 2523 1298 2563 quia
1314 2521 1407 2551 vitam
1422 2522 1550 2553 nostram
1561 2546 1570 2558 ,
1584 2533 1650 2564 quae

173 2570 203 2601 in
222 2577 361 2609 tempore
375 2568 498 2608 incipit,
514 2566 586 2597 dum
602 2568 677 2598 intra
695 2564 769 2598 sinus
786 2568 826 2598 sui
843 2566 1030 2598 latitudinem
1046 2567 1178 2604 format,
1197 2576 1345 2598 aetcrnltas
1360 2565 1502 2603 denotat,
1517 2569 1651 2599 cuiusni'-

172 2609 493 2649 mitumimmensitas,
510 2612 578 2654 quia
594 2612 668 2643 vltra
682 2613 813 2652 citraque
829 2613 916 2653 super
925 2612 1129 2648 nostenditur‚
1140 2610 1434 2644 sineinchontione&
1448 2612 1579 2643 termino
1588 2615 1651 2645 eius

174 2668 317 2691 aeternum
333 2656 389 2689 effe
403 2656 559 2694 dilatatur,
582 2658 670 2700 eique
687 2667 742 2688 nec
756 2657 898 2689 transastri
921 2668 1095 2699 praetercunt
1107 2681 1115 2692 ‚
1137 2668 1191 2690 nec
1207 2656 1306 2690 adhuc
1323 2668 1464 2694 ventura,
1483 2655 1566 2700 quasi
1583 2668 1650 2700 quae

171 2713 237 2737 non
255 2713 438 2746 appareant,
460 2702 581 2738 desunt,
601 2705 672 2746 quia
689 2713 729 2739 ις,
753 2704 802 2745 qui
827 2705 941 2744 (emper
957 2704 1013 2734 elle
1028 2701 1134 2739 habet,
1157 2704 1264 2735 cunsta
1288 2701 1338 2733 sibi
1362 2700 1513 2745 praescntia
1536 2701 1650 2745 conspi-

172 2753 212 2782 cit
223 2774 231 2786 ‚
246 2759 375 2792 cumque
383 2747 555 2791 aspiciendo
570 2750 676 2792 post&
688 2759 756 2780 ante
765 2759 826 2781 non
844 2748 976 2780 tenditur
987 2772 994 2784 ‚
1011 2748 1091 2779 nulla
1101 2750 1218 2780 intuitus
1229 2758 1397 2779 mutatione
1408 2758 1543 2779 variatur.
1574 2749 1650 2779 Ean-

170 2795 240 2828 dem
256 2804 379 2837 quoque
388 2795 598 2837 proprietatem
614 2795 782 2826 aternitatis
797 2792 924 2825 insinuat
940 2792 1099 2826 Ansclmus
1109 2794 1145 2824 dc
1161 2794 1300 2825 Concor.
1320 2802 1350 2831 3.
1368 2797 1396 2823 δι
1412 2803 1444 2833 4.
1462 2792 1532 2825 sicut
1549 2791 1647 2825 vicefi-
1667 2803 1787 2830 Limam:

173 2851 259 2873 mum
268 2841 427 2883 septimum
436 2837 647 2883 huiusallegat.
673 2839 723 2871 De
731 2850 788 2883 qua
798 2839 829 2873 ὃ(
845 2837 995 2872 Robertus
1010 2838 1224 2872 Lincolniensis
1239 2839 1277 2871 de
1292 2836 1387 2870 libero
1396 2836 1520 2871 aibittio
1531 2837 1653 2876 adicit,
1668 2844 1727 2879 cafix.

1023 2885 1051 2915 A
1062 2895 1078 2915 a
1088 2895 1104 2916 a
1113 2895 1130 2915 a
1568 2884 1652 2926 quod
