<?xml version="1.0" encoding="UTF-8"?>
<!DOCTYPE html PUBLIC "-//W3C//DTD XHTML 1.0 Transitional//EN"
    "http://www.w3.org/TR/xhtml1/DTD/xhtml1-transitional.dtd">
<html xmlns="http://www.w3.org/1999/xhtml" xml:lang="en" lang="en">
 <head>
  <title>
</title>
<meta http-equiv="Content-Type" content="text/html;charset=utf-8" />
  <meta name='ocr-system' content='tesseract 3.04.00' />
  <meta name='ocr-capabilities' content='ocr_page ocr_carea ocr_par ocr_line ocrx_word'/>
</head>
<body>
  <div class='ocr_page' id='page_1' title='image "./decausadeicontra00braduoft_0908.png"; bbox 0 0 1985 3130; ppageno 0'>
   <div class='ocr_carea' id='block_1_1' title="bbox 223 147 1851 221">
    <p class='ocr_par' dir='ltr' id='par_1_1' title="bbox 223 147 1851 221">
     <span class='ocr_line' id='line_1_1' title="bbox 223 147 1851 221; baseline 0.001 -25"><span class='ocrx_word' id='word_1_1' title='bbox 223 158 247 204; x_wconf 85' lang='lat'>8</span> <span class='ocrx_word' id='word_1_2' title='bbox 254 161 284 204; x_wconf 84' lang='lat'><em>6</em></span> <span class='ocrx_word' id='word_1_3' title='bbox 291 157 316 204; x_wconf 89' lang='lat'>8</span> <span class='ocrx_word' id='word_1_4' title='bbox 805 148 971 198; x_wconf 81' lang='lat' dir='ltr'>‘Thomae</span> <span class='ocrx_word' id='word_1_5' title='bbox 978 147 1260 199; x_wconf 67' lang='lat' dir='ltr'>Pradwardz&#39;ni</span> <span class='ocrx_word' id='word_1_6' title='bbox 1667 153 1714 203; x_wconf 92' lang='lat' dir='ltr'>L</span> <span class='ocrx_word' id='word_1_7' title='bbox 1729 174 1741 204; x_wconf 85' lang='lat'>1</span> <span class='ocrx_word' id='word_1_8' title='bbox 1757 176 1797 207; x_wconf 68' lang='grc' dir='ltr'>Β,</span> <span class='ocrx_word' id='word_1_9' title='bbox 1816 177 1851 221; x_wconf 72' lang='lat'>3,</span> 
     </span>
    </p>
   </div>
   <div class='ocr_carea' id='block_1_2' title="bbox 149 241 1851 2901">
    <p class='ocr_par' dir='ltr' id='par_1_2' title="bbox 149 241 1851 2901">
     <span class='ocr_line' id='line_1_2' title="bbox 331 241 1851 294; baseline 0.004 -18"><span class='ocrx_word' id='word_1_10' title='bbox 331 261 396 283; x_wconf 68' lang='lat' dir='ltr'>mm</span> <span class='ocrx_word' id='word_1_11' title='bbox 413 249 495 294; x_wconf 58' lang='grc' dir='ltr'>ροσε</span> <span class='ocrx_word' id='word_1_12' title='bbox 510 249 661 294; x_wconf 69' lang='lat' dir='ltr'>generari,</span> <span class='ocrx_word' id='word_1_13' title='bbox 684 245 722 279; x_wconf 85' lang='lat' dir='ltr'>sic</span> <span class='ocrx_word' id='word_1_14' title='bbox 744 250 774 280; x_wconf 84' lang='lat'>&amp;</span> <span class='ocrx_word' id='word_1_15' title='bbox 797 243 893 288; x_wconf 86' lang='lat' dir='ltr'>potest</span> <span class='ocrx_word' id='word_1_16' title='bbox 908 244 991 287; x_wconf 84' lang='lat' dir='ltr'>argui</span> <span class='ocrx_word' id='word_1_17' title='bbox 1006 242 1044 276; x_wconf 91' lang='lat' dir='ltr'>de</span> <span class='ocrx_word' id='word_1_18' title='bbox 1057 244 1168 276; x_wconf 86' lang='lat' dir='ltr'>caeteris</span> <span class='ocrx_word' id='word_1_19' title='bbox 1181 241 1287 275; x_wconf 84' lang='lat' dir='ltr'>formis</span> <span class='ocrx_word' id='word_1_20' title='bbox 1308 243 1523 287; x_wconf 86' lang='lat' dir='ltr'>generabilibus</span> <span class='ocrx_word' id='word_1_21' title='bbox 1544 248 1575 282; x_wconf 67' lang='grc' dir='ltr'>ὅ(</span> <span class='ocrx_word' id='word_1_22' title='bbox 1596 248 1798 293; x_wconf 82' lang='lat' dir='ltr'>corruptibili-</span> <span class='ocrx_word' id='word_1_23' title='bbox 1821 255 1851 286; x_wconf 80' lang='grc' dir='ltr'>Α</span> 
     </span>
     <span class='ocr_line' id='line_1_3' title="bbox 330 287 1798 335; baseline -0.001 -6"><span class='ocrx_word' id='word_1_24' title='bbox 330 297 406 335; x_wconf 80' lang='lat' dir='ltr'>bus,</span> <span class='ocrx_word' id='word_1_25' title='bbox 428 293 675 332; x_wconf 86' lang='lat' dir='ltr'>accidentalibus,</span> <span class='ocrx_word' id='word_1_26' title='bbox 694 296 723 326; x_wconf 85' lang='lat'>&amp;</span> <span class='ocrx_word' id='word_1_27' title='bbox 740 288 996 329; x_wconf 73' lang='lat' dir='ltr'>substantialibus,</span> <span class='ocrx_word' id='word_1_28' title='bbox 1020 300 1111 333; x_wconf 91' lang='lat' dir='ltr'>quare</span> <span class='ocrx_word' id='word_1_29' title='bbox 1126 288 1157 321; x_wconf 84' lang='lat'>&amp;</span> <span class='ocrx_word' id='word_1_30' title='bbox 1178 287 1215 321; x_wconf 91' lang='lat' dir='ltr'>de</span> <span class='ocrx_word' id='word_1_31' title='bbox 1231 288 1300 332; x_wconf 82' lang='lat' dir='ltr'>ipfis</span> <span class='ocrx_word' id='word_1_32' title='bbox 1318 290 1495 333; x_wconf 70' lang='lat' dir='ltr'>compositis</span> <span class='ocrx_word' id='word_1_33' title='bbox 1509 292 1619 325; x_wconf 88' lang='lat' dir='ltr'>eisdem</span> <span class='ocrx_word' id='word_1_34' title='bbox 1641 295 1798 328; x_wconf 87' lang='lat' dir='ltr'>numerali-</span> 
     </span>
     <span class='ocr_line' id='line_1_4' title="bbox 332 333 1798 384; baseline -0.006 -9"><span class='ocrx_word' id='word_1_35' title='bbox 332 353 375 375; x_wconf 90' lang='lat' dir='ltr'>ter</span> <span class='ocrx_word' id='word_1_36' title='bbox 388 341 551 374; x_wconf 83' lang='lat' dir='ltr'>reuersuris.</span> <span class='ocrx_word' id='word_1_37' title='bbox 577 341 668 384; x_wconf 85' lang='lat' dir='ltr'>Aqua</span> <span class='ocrx_word' id='word_1_38' title='bbox 684 347 806 381; x_wconf 87' lang='lat' dir='ltr'>quoque</span> <span class='ocrx_word' id='word_1_39' title='bbox 820 346 872 379; x_wconf 87' lang='lat' dir='ltr'>per</span> <span class='ocrx_word' id='word_1_40' title='bbox 888 333 1193 368; x_wconf 86' lang='lat' dir='ltr'>discontinuationem</span> <span class='ocrx_word' id='word_1_41' title='bbox 1209 344 1367 377; x_wconf 82' lang='lat' dir='ltr'>corrupta,</span> <span class='ocrx_word' id='word_1_42' title='bbox 1379 346 1430 378; x_wconf 89' lang='lat' dir='ltr'>per</span> <span class='ocrx_word' id='word_1_43' title='bbox 1446 340 1736 372; x_wconf 73' lang='lat' dir='ltr'>recontinuauonem</span> <span class='ocrx_word' id='word_1_44' title='bbox 1751 351 1798 373; x_wconf 69' lang='lat' dir='ltr'>ea.</span> 
     </span>
     <span class='ocr_line' id='line_1_5' title="bbox 149 378 1797 429; baseline 0 -11"><span class='ocrx_word' id='word_1_45' title='bbox 149 390 162 427; x_wconf 85' lang='grc' dir='ltr'>Η</span> <span class='ocrx_word' id='word_1_46' title='bbox 181 390 297 418; x_wconf 72' lang='lat' dir='ltr'>credunt.</span> <span class='ocrx_word' id='word_1_47' title='bbox 332 388 401 420; x_wconf 90' lang='lat' dir='ltr'>dem</span> <span class='ocrx_word' id='word_1_48' title='bbox 418 397 543 419; x_wconf 88' lang='lat' dir='ltr'>numero</span> <span class='ocrx_word' id='word_1_49' title='bbox 556 394 721 429; x_wconf 87' lang='lat' dir='ltr'>generatur.</span> <span class='ocrx_word' id='word_1_50' title='bbox 744 381 879 423; x_wconf 86' lang='lat' dir='ltr'>Qidam</span> <span class='ocrx_word' id='word_1_51' title='bbox 895 391 1008 417; x_wconf 85' lang='lat' dir='ltr'>autern,</span> <span class='ocrx_word' id='word_1_52' title='bbox 1025 390 1057 411; x_wconf 89' lang='lat' dir='ltr'>vt</span> <span class='ocrx_word' id='word_1_53' title='bbox 1074 378 1238 419; x_wconf 90' lang='lat' dir='ltr'>Platonici,</span> <span class='ocrx_word' id='word_1_54' title='bbox 1256 379 1318 412; x_wconf 89' lang='lat' dir='ltr'>hoc</span> <span class='ocrx_word' id='word_1_55' title='bbox 1332 380 1345 410; x_wconf 89' lang='grc'>11</span> <span class='ocrx_word' id='word_1_56' title='bbox 1360 381 1520 415; x_wconf 78' lang='lat' dir='ltr'>concedunt.</span> <span class='ocrx_word' id='word_1_57' title='bbox 1545 383 1604 416; x_wconf 87' lang='lat' dir='ltr'>Sed</span> <span class='ocrx_word' id='word_1_58' title='bbox 1617 383 1678 418; x_wconf 88' lang='lat' dir='ltr'>hos</span> <span class='ocrx_word' id='word_1_59' title='bbox 1691 383 1797 419; x_wconf 68' lang='lat' dir='ltr'>:riceii-</span> 
     </span>
     <span class='ocr_line' id='line_1_6' title="bbox 331 424 1798 476; baseline -0.005 -10"><span class='ocrx_word' id='word_1_60' title='bbox 331 445 382 465; x_wconf 89' lang='lat' dir='ltr'>ma</span> <span class='ocrx_word' id='word_1_61' title='bbox 397 444 479 466; x_wconf 85' lang='lat' dir='ltr'>nona</span> <span class='ocrx_word' id='word_1_62' title='bbox 502 442 570 476; x_wconf 84' lang='lat' dir='ltr'>pars</span> <span class='ocrx_word' id='word_1_63' title='bbox 594 429 743 466; x_wconf 68' lang='lat' dir='ltr'>corollarii¹</span> <span class='ocrx_word' id='word_1_64' title='bbox 760 428 848 471; x_wconf 90' lang='lat' dir='ltr'>primi</span> <span class='ocrx_word' id='word_1_65' title='bbox 865 427 972 470; x_wconf 91' lang='lat' dir='ltr'>primi,</span> <span class='ocrx_word' id='word_1_66' title='bbox 994 425 1025 460; x_wconf 75' lang='grc' dir='ltr'>ὅ(</span> <span class='ocrx_word' id='word_1_67' title='bbox 1041 424 1239 468; x_wconf 68' lang='lat' dir='ltr'>Philosophi,</span> <span class='ocrx_word' id='word_1_68' title='bbox 1264 424 1295 458; x_wconf 68' lang='grc' dir='ltr'>ὅ(</span> <span class='ocrx_word' id='word_1_69' title='bbox 1312 425 1465 470; x_wconf 87' lang='lat' dir='ltr'>Theologi</span> <span class='ocrx_word' id='word_1_70' title='bbox 1477 427 1660 470; x_wconf 84' lang='lat' dir='ltr'>redarguunt</span> <span class='ocrx_word' id='word_1_71' title='bbox 1674 430 1705 465; x_wconf 71' lang='grc' dir='ltr'>ὅ(</span> <span class='ocrx_word' id='word_1_72' title='bbox 1721 429 1798 463; x_wconf 77' lang='lat' dir='ltr'>‘deri&#39;-</span> 
     </span>
     <span class='ocr_line' id='line_1_7' title="bbox 332 470 1798 515; baseline -0.002 -5"><span class='ocrx_word' id='word_1_73' title='bbox 332 479 416 512; x_wconf 88' lang='lat' dir='ltr'>dent.</span> <span class='ocrx_word' id='word_1_74' title='bbox 442 479 503 515; x_wconf 76' lang='lat' dir='ltr'>Alii·</span> <span class='ocrx_word' id='word_1_75' title='bbox 526 486 624 509; x_wconf 89' lang='lat' dir='ltr'>autem</span> <span class='ocrx_word' id='word_1_76' title='bbox 643 484 759 508; x_wconf 84' lang='lat' dir='ltr'>tantum</span> <span class='ocrx_word' id='word_1_77' title='bbox 782 482 915 504; x_wconf 84' lang='lat' dir='ltr'>errorem</span> <span class='ocrx_word' id='word_1_78' title='bbox 933 481 1026 504; x_wconf 86' lang='lat' dir='ltr'>vitate</span> <span class='ocrx_word' id='word_1_79' title='bbox 1042 470 1194 508; x_wconf 84' lang='lat' dir='ltr'>volentes,</span> <span class='ocrx_word' id='word_1_80' title='bbox 1218 471 1319 504; x_wconf 80' lang='lat' dir='ltr'>dicunt</span> <span class='ocrx_word' id='word_1_81' title='bbox 1334 470 1419 515; x_wconf 73' lang='lat' dir='ltr'>quod</span> <span class='ocrx_word' id='word_1_82' title='bbox 1435 484 1499 504; x_wconf 90' lang='lat' dir='ltr'>non</span> <span class='ocrx_word' id='word_1_83' title='bbox 1514 475 1631 507; x_wconf 77' lang='lat' dir='ltr'>tantum</span> <span class='ocrx_word' id='word_1_84' title='bbox 1650 475 1725 515; x_wconf 86' lang='lat' dir='ltr'>Sol,</span> <span class='ocrx_word' id='word_1_85' title='bbox 1747 474 1798 508; x_wconf 84' lang='lat' dir='ltr'>sed</span> 
     </span>
     <span class='ocr_line' id='line_1_8' title="bbox 149 515 1795 565; baseline -0.002 -9"><span class='ocrx_word' id='word_1_86' title='bbox 149 521 162 535; x_wconf 63' lang='lat'>³</span> <span class='ocrx_word' id='word_1_87' title='bbox 176 521 208 548; x_wconf 62' lang='grc' dir='ltr'><em>ἃᾶ</em></span> <span class='ocrx_word' id='word_1_88' title='bbox 332 525 362 558; x_wconf 72' lang='grc' dir='ltr'>ὃ(</span> <span class='ocrx_word' id='word_1_89' title='bbox 378 534 485 556; x_wconf 88' lang='lat' dir='ltr'>omnes</span> <span class='ocrx_word' id='word_1_90' title='bbox 500 522 561 555; x_wconf 82' lang='lat' dir='ltr'>aliae</span> <span class='ocrx_word' id='word_1_91' title='bbox 577 520 664 554; x_wconf 84' lang='lat' dir='ltr'>stellae</span> <span class='ocrx_word' id='word_1_92' title='bbox 680 519 808 551; x_wconf 80' lang='lat' dir='ltr'>erraricae</span> <span class='ocrx_word' id='word_1_93' title='bbox 829 528 919 561; x_wconf 88' lang='lat' dir='ltr'>atque</span> <span class='ocrx_word' id='word_1_94' title='bbox 942 516 1008 550; x_wconf 81' lang='lat' dir='ltr'>fixae</span> <span class='ocrx_word' id='word_1_95' title='bbox 1023 526 1154 559; x_wconf 86' lang='lat' dir='ltr'>coagunt</span> <span class='ocrx_word' id='word_1_96' title='bbox 1168 516 1185 531; x_wconf 60' lang='lat'>”⁸</span> <span class='ocrx_word' id='word_1_97' title='bbox 1203 527 1327 549; x_wconf 88' lang='lat' dir='ltr'>omnem</span> <span class='ocrx_word' id='word_1_98' title='bbox 1343 515 1482 550; x_wconf 73' lang='lat' dir='ltr'>effe&amp;um</span> <span class='ocrx_word' id='word_1_99' title='bbox 1498 517 1516 550; x_wconf 74' lang='grc' dir='ltr'>Ξι</span> <span class='ocrx_word' id='word_1_100' title='bbox 1530 530 1714 565; x_wconf 86' lang='lat' dir='ltr'>quocunque</span> <span class='ocrx_word' id='word_1_101' title='bbox 1725 531 1795 565; x_wconf 84' lang='lat' dir='ltr'>pro·</span> 
     </span>
     <span class='ocr_line' id='line_1_9' title="bbox 332 561 1800 611; baseline 0.001 -14"><span class='ocrx_word' id='word_1_102' title='bbox 332 569 456 603; x_wconf 64' lang='lat' dir='ltr'>ductum</span> <span class='ocrx_word' id='word_1_103' title='bbox 472 583 483 607; x_wconf 73' lang='lat'>3</span> <span class='ocrx_word' id='word_1_104' title='bbox 499 574 529 601; x_wconf 66' lang='lat' dir='ltr'>sc</span> <span class='ocrx_word' id='word_1_105' title='bbox 546 569 615 611; x_wconf 82' lang='lat' dir='ltr'>quia</span> <span class='ocrx_word' id='word_1_106' title='bbox 631 565 698 598; x_wconf 71' lang='lat' dir='ltr'>situs</span> <span class='ocrx_word' id='word_1_107' title='bbox 717 563 748 597; x_wconf 73' lang='grc' dir='ltr'>ὅ(</span> <span class='ocrx_word' id='word_1_108' title='bbox 762 563 893 606; x_wconf 70' lang='lat' dir='ltr'>aspectus</span> <span class='ocrx_word' id='word_1_109' title='bbox 909 573 1010 595; x_wconf 87' lang='lat' dir='ltr'>earum</span> <span class='ocrx_word' id='word_1_110' title='bbox 1025 561 1193 594; x_wconf 87' lang='lat' dir='ltr'>adinuicem</span> <span class='ocrx_word' id='word_1_111' title='bbox 1211 562 1242 595; x_wconf 72' lang='grc' dir='ltr'>ὃ(</span> <span class='ocrx_word' id='word_1_112' title='bbox 1256 561 1294 594; x_wconf 87' lang='lat' dir='ltr'>ad</span> <span class='ocrx_word' id='word_1_113' title='bbox 1310 562 1412 595; x_wconf 88' lang='lat' dir='ltr'>Solem</span> <span class='ocrx_word' id='word_1_114' title='bbox 1428 565 1570 598; x_wconf 71' lang='lat' dir='ltr'>continue</span> <span class='ocrx_word' id='word_1_115' title='bbox 1594 567 1741 603; x_wconf 85' lang='lat' dir='ltr'>variatur.</span> <span class='ocrx_word' id='word_1_116' title='bbox 1766 570 1800 598; x_wconf 76' lang='grc' dir='ltr'>δε</span> 
     </span>
     <span class='ocr_line' id='line_1_10' title="bbox 333 606 1800 657; baseline -0.006 -11"><span class='ocrx_word' id='word_1_117' title='bbox 333 615 454 648; x_wconf 70' lang='lat' dir='ltr'>effe&amp;us</span> <span class='ocrx_word' id='word_1_118' title='bbox 472 613 611 657; x_wconf 82' lang='lat' dir='ltr'>produCti</span> <span class='ocrx_word' id='word_1_119' title='bbox 627 610 770 644; x_wconf 74' lang='lat' dir='ltr'>continue</span> <span class='ocrx_word' id='word_1_120' title='bbox 787 610 947 641; x_wconf 85' lang='lat' dir='ltr'>variantur.</span> <span class='ocrx_word' id='word_1_121' title='bbox 969 607 1029 640; x_wconf 87' lang='lat' dir='ltr'>Sed</span> <span class='ocrx_word' id='word_1_122' title='bbox 1051 606 1082 638; x_wconf 87' lang='lat' dir='ltr'>hi</span> <span class='ocrx_word' id='word_1_123' title='bbox 1096 617 1156 639; x_wconf 89' lang='lat' dir='ltr'>non</span> <span class='ocrx_word' id='word_1_124' title='bbox 1173 606 1306 639; x_wconf 87' lang='lat' dir='ltr'>euadunt</span> <span class='ocrx_word' id='word_1_125' title='bbox 1324 608 1511 642; x_wconf 78' lang='lat' dir='ltr'>Autoritates</span> <span class='ocrx_word' id='word_1_126' title='bbox 1533 608 1710 656; x_wconf 76' lang='lat' dir='ltr'>Philosophi</span> <span class='ocrx_word' id='word_1_127' title='bbox 1733 610 1800 647; x_wconf 69' lang='lat' dir='ltr'>alle.</span> 
     </span>
     <span class='ocr_line' id='line_1_11' title="bbox 333 651 1800 704; baseline -0.003 -12"><span class='ocrx_word' id='word_1_128' title='bbox 333 672 417 704; x_wconf 80' lang='lat' dir='ltr'>gatas</span> <span class='ocrx_word' id='word_1_129' title='bbox 441 673 449 691; x_wconf 86' lang='lat'><strong>:</strong></span> <span class='ocrx_word' id='word_1_130' title='bbox 473 671 536 692; x_wconf 90' lang='lat' dir='ltr'>non</span> <span class='ocrx_word' id='word_1_131' title='bbox 559 660 638 690; x_wconf 90' lang='lat' dir='ltr'>enim</span> <span class='ocrx_word' id='word_1_132' title='bbox 653 654 796 701; x_wconf 87' lang='lat' dir='ltr'>quaelibet</span> <span class='ocrx_word' id='word_1_133' title='bbox 819 664 912 697; x_wconf 87' lang='lat' dir='ltr'>parua</span> <span class='ocrx_word' id='word_1_134' title='bbox 936 651 1084 686; x_wconf 80' lang='lat' dir='ltr'>diuetfitas</span> <span class='ocrx_word' id='word_1_135' title='bbox 1105 652 1295 685; x_wconf 84' lang='lat' dir='ltr'>accidentalis</span> <span class='ocrx_word' id='word_1_136' title='bbox 1311 654 1341 685; x_wconf 92' lang='lat' dir='ltr'>in</span> <span class='ocrx_word' id='word_1_137' title='bbox 1359 664 1482 697; x_wconf 82' lang='lat' dir='ltr'>agente,</span> <span class='ocrx_word' id='word_1_138' title='bbox 1506 655 1576 687; x_wconf 87' lang='lat' dir='ltr'>facit</span> <span class='ocrx_word' id='word_1_139' title='bbox 1603 655 1800 691; x_wconf 84' lang='lat' dir='ltr'>diuerfitatetn</span> 
     </span>
     <span class='ocr_line' id='line_1_12' title="bbox 334 696 1800 744; baseline -0.003 -6"><span class='ocrx_word' id='word_1_140' title='bbox 334 704 518 738; x_wconf 80' lang='lat' dir='ltr'>numeralem</span> <span class='ocrx_word' id='word_1_141' title='bbox 538 706 568 736; x_wconf 88' lang='lat' dir='ltr'>in</span> <span class='ocrx_word' id='word_1_142' title='bbox 590 702 717 740; x_wconf 73' lang='lat' dir='ltr'>effectu,</span> <span class='ocrx_word' id='word_1_143' title='bbox 742 701 772 734; x_wconf 77' lang='grc' dir='ltr'>ὅ(</span> <span class='ocrx_word' id='word_1_144' title='bbox 795 699 928 731; x_wconf 65' lang='lat' dir='ltr'>maxime</span> <span class='ocrx_word' id='word_1_145' title='bbox 942 699 975 730; x_wconf 85' lang='lat' dir='ltr'>in</span> <span class='ocrx_word' id='word_1_146' title='bbox 989 696 1152 735; x_wconf 70' lang='lat' dir='ltr'>substantiis</span> <span class='ocrx_word' id='word_1_147' title='bbox 1168 696 1348 741; x_wconf 87' lang='lat' dir='ltr'>fimplicibus</span> <span class='ocrx_word' id='word_1_148' title='bbox 1362 709 1454 743; x_wconf 89' lang='lat' dir='ltr'>atque</span> <span class='ocrx_word' id='word_1_149' title='bbox 1469 699 1650 744; x_wconf 75' lang='lat' dir='ltr'>compositis.</span> <span class='ocrx_word' id='word_1_150' title='bbox 1675 702 1800 736; x_wconf 83' lang='lat' dir='ltr'>Poffunt</span> 
     </span>
     <span class='ocr_line' id='line_1_13' title="bbox 335 742 1800 796; baseline -0.003 -13"><span class='ocrx_word' id='word_1_151' title='bbox 335 762 460 796; x_wconf 88' lang='lat' dir='ltr'>quoque</span> <span class='ocrx_word' id='word_1_152' title='bbox 475 750 561 783; x_wconf 84' lang='lat' dir='ltr'>stellae</span> <span class='ocrx_word' id='word_1_153' title='bbox 576 749 646 781; x_wconf 83' lang='lat' dir='ltr'>coeli</span> <span class='ocrx_word' id='word_1_154' title='bbox 661 745 803 791; x_wconf 85' lang='lat' dir='ltr'>applicari</span> <span class='ocrx_word' id='word_1_155' title='bbox 819 744 856 776; x_wconf 89' lang='lat' dir='ltr'>ad</span> <span class='ocrx_word' id='word_1_156' title='bbox 872 744 1005 787; x_wconf 88' lang='lat' dir='ltr'>aliquem</span> <span class='ocrx_word' id='word_1_157' title='bbox 1022 742 1125 776; x_wconf 85' lang='lat' dir='ltr'>locum</span> <span class='ocrx_word' id='word_1_158' title='bbox 1141 754 1221 775; x_wconf 84' lang='lat' dir='ltr'>terrae</span> <span class='ocrx_word' id='word_1_159' title='bbox 1238 743 1401 776; x_wconf 90' lang='lat' dir='ltr'>secundum</span> <span class='ocrx_word' id='word_1_160' title='bbox 1422 746 1506 789; x_wconf 70' lang='lat' dir='ltr'>aeque</span> <span class='ocrx_word' id='word_1_161' title='bbox 1522 745 1630 779; x_wconf 86' lang='lat' dir='ltr'>fortem</span> <span class='ocrx_word' id='word_1_162' title='bbox 1649 746 1800 792; x_wconf 62' lang='lat' dir='ltr'>aspectum</span> 
     </span>
     <span class='ocr_line' id='line_1_14' title="bbox 335 783 1835 839; baseline -0.003 -11"><span class='ocrx_word' id='word_1_163' title='bbox 335 808 414 830; x_wconf 85' lang='lat' dir='ltr'>nunc</span> <span class='ocrx_word' id='word_1_164' title='bbox 429 807 461 828; x_wconf 93' lang='lat' dir='ltr'>vt</span> <span class='ocrx_word' id='word_1_165' title='bbox 479 796 577 839; x_wconf 52' lang='lat' dir='ltr'>priris,</span> <span class='ocrx_word' id='word_1_166' title='bbox 600 794 667 826; x_wconf 70' lang='lat' dir='ltr'>licet</span> <span class='ocrx_word' id='word_1_167' title='bbox 681 791 759 824; x_wconf 72' lang='lat' dir='ltr'>fort&#39;e</span> <span class='ocrx_word' id='word_1_168' title='bbox 775 801 838 823; x_wconf 91' lang='lat' dir='ltr'>non</span> <span class='ocrx_word' id='word_1_169' title='bbox 853 788 1014 823; x_wconf 71' lang='lat' dir='ltr'>secundum</span> <span class='ocrx_word' id='word_1_170' title='bbox 1033 787 1155 821; x_wconf 82' lang='lat' dir='ltr'>similem</span> <span class='ocrx_word' id='word_1_171' title='bbox 1168 790 1253 821; x_wconf 83' lang='lat' dir='ltr'>omni</span> <span class='ocrx_word' id='word_1_172' title='bbox 1266 789 1361 822; x_wconf 89' lang='lat' dir='ltr'>modo</span> <span class='ocrx_word' id='word_1_173' title='bbox 1372 813 1382 826; x_wconf 91' lang='lat'><em>‚</em></span> <span class='ocrx_word' id='word_1_174' title='bbox 1406 800 1496 833; x_wconf 83' lang='lat' dir='ltr'>quare</span> <span class='ocrx_word' id='word_1_175' title='bbox 1512 791 1543 825; x_wconf 66' lang='grc' dir='ltr'>ὃ(</span> <span class='ocrx_word' id='word_1_176' title='bbox 1564 802 1738 835; x_wconf 82' lang='lat' dir='ltr'>regenerare</span> <span class='ocrx_word' id='word_1_177' title='bbox 1758 791 1801 825; x_wconf 88' lang='lat' dir='ltr'>ef·</span> <span class='ocrx_word' id='word_1_178' title='bbox 1814 783 1835 815; x_wconf 77' lang='grc' dir='ltr'><strong><em>Β</em></strong></span> 
     </span>
     <span class='ocr_line' id='line_1_15' title="bbox 335 833 1799 883; baseline -0.002 -10"><span class='ocrx_word' id='word_1_179' title='bbox 335 843 448 875; x_wconf 52' lang='lat' dir='ltr'>sedium</span> <span class='ocrx_word' id='word_1_180' title='bbox 469 850 657 883; x_wconf 82' lang='lat' dir='ltr'>corruptum.</span> <span class='ocrx_word' id='word_1_181' title='bbox 684 835 864 880; x_wconf 70' lang='lat' dir='ltr'>Aliquando</span> <span class='ocrx_word' id='word_1_182' title='bbox 885 836 995 873; x_wconf 85' lang='lat' dir='ltr'>etiam,</span> <span class='ocrx_word' id='word_1_183' title='bbox 1016 843 1048 866; x_wconf 88' lang='lat' dir='ltr'>vt</span> <span class='ocrx_word' id='word_1_184' title='bbox 1069 833 1200 872; x_wconf 90' lang='lat' dir='ltr'>videtur,</span> <span class='ocrx_word' id='word_1_185' title='bbox 1222 833 1361 867; x_wconf 89' lang='lat' dir='ltr'>redibunt</span> <span class='ocrx_word' id='word_1_186' title='bbox 1384 846 1492 868; x_wconf 79' lang='lat' dir='ltr'>omnes</span> <span class='ocrx_word' id='word_1_187' title='bbox 1509 836 1633 878; x_wconf 82' lang='lat' dir='ltr'>planetae</span> <span class='ocrx_word' id='word_1_188' title='bbox 1657 837 1688 872; x_wconf 76' lang='grc' dir='ltr'>ὅ(</span> <span class='ocrx_word' id='word_1_189' title='bbox 1712 837 1799 872; x_wconf 72' lang='lat' dir='ltr'>stellae</span> 
     </span>
     <span class='ocr_line' id='line_1_16' title="bbox 333 878 1802 929; baseline -0.005 -9"><span class='ocrx_word' id='word_1_190' title='bbox 333 889 369 921; x_wconf 78' lang='lat' dir='ltr'>ad</span> <span class='ocrx_word' id='word_1_191' title='bbox 388 886 511 919; x_wconf 84' lang='lat' dir='ltr'>fimilem</span> <span class='ocrx_word' id='word_1_192' title='bbox 528 886 679 929; x_wconf 61' lang='lat' dir='ltr'>aspectum</span> <span class='ocrx_word' id='word_1_193' title='bbox 693 884 821 915; x_wconf 85' lang='lat' dir='ltr'>omnino</span> <span class='ocrx_word' id='word_1_194' title='bbox 837 891 925 923; x_wconf 88' lang='lat' dir='ltr'>quem</span> <span class='ocrx_word' id='word_1_195' title='bbox 941 891 1020 914; x_wconf 91' lang='lat' dir='ltr'>nunc</span> <span class='ocrx_word' id='word_1_196' title='bbox 1034 878 1164 917; x_wconf 88' lang='lat' dir='ltr'>habent,</span> <span class='ocrx_word' id='word_1_197' title='bbox 1184 880 1214 914; x_wconf 75' lang='grc' dir='ltr'>ὅ(</span> <span class='ocrx_word' id='word_1_198' title='bbox 1229 890 1318 922; x_wconf 90' lang='lat' dir='ltr'>quem</span> <span class='ocrx_word' id='word_1_199' title='bbox 1334 883 1362 912; x_wconf 89' lang='lat' dir='ltr'>iti</span> <span class='ocrx_word' id='word_1_200' title='bbox 1380 891 1562 925; x_wconf 88' lang='lat' dir='ltr'>quocunque</span> <span class='ocrx_word' id='word_1_201' title='bbox 1578 883 1696 915; x_wconf 88' lang='lat' dir='ltr'>instanti</span> <span class='ocrx_word' id='word_1_202' title='bbox 1719 883 1802 928; x_wconf 66' lang='lat' dir='ltr'>prius</span> 
     </span>
     <span class='ocr_line' id='line_1_17' title="bbox 333 923 1801 975; baseline -0.003 -10"><span class='ocrx_word' id='word_1_203' title='bbox 333 932 505 968; x_wconf 79' lang='lat' dir='ltr'>habebant,</span> <span class='ocrx_word' id='word_1_204' title='bbox 529 941 602 975; x_wconf 85' lang='lat' dir='ltr'>puta</span> <span class='ocrx_word' id='word_1_205' title='bbox 616 927 777 962; x_wconf 88' lang='lat' dir='ltr'>secundum</span> <span class='ocrx_word' id='word_1_206' title='bbox 801 927 980 959; x_wconf 76' lang='lat' dir='ltr'>Platonicos</span> <span class='ocrx_word' id='word_1_207' title='bbox 1001 936 1034 957; x_wconf 81' lang='lat' dir='ltr'>in</span> <span class='ocrx_word' id='word_1_208' title='bbox 1055 923 1115 955; x_wconf 87' lang='lat' dir='ltr'>fine</span> <span class='ocrx_word' id='word_1_209' title='bbox 1137 928 1240 968; x_wconf 86' lang='lat' dir='ltr'>magni</span> <span class='ocrx_word' id='word_1_210' title='bbox 1256 926 1327 957; x_wconf 87' lang='lat' dir='ltr'>anni</span> <span class='ocrx_word' id='word_1_211' title='bbox 1344 926 1468 964; x_wconf 86' lang='lat' dir='ltr'>mundi,</span> <span class='ocrx_word' id='word_1_212' title='bbox 1489 928 1540 969; x_wconf 87' lang='lat' dir='ltr'>qui</span> <span class='ocrx_word' id='word_1_213' title='bbox 1565 925 1726 960; x_wconf 76' lang='lat' dir='ltr'>stcundum</span> <span class='ocrx_word' id='word_1_214' title='bbox 1755 930 1801 972; x_wconf 86' lang='lat' dir='ltr'>ip-</span> 
     </span>
     <span class='ocr_line' id='line_1_18' title="bbox 332 968 1802 1018; baseline -0.005 -7"><span class='ocrx_word' id='word_1_215' title='bbox 332 978 382 1011; x_wconf 89' lang='lat' dir='ltr'>sos</span> <span class='ocrx_word' id='word_1_216' title='bbox 399 979 438 1010; x_wconf 88' lang='lat' dir='ltr'>est</span> <span class='ocrx_word' id='word_1_217' title='bbox 458 978 563 1010; x_wconf 86' lang='lat' dir='ltr'>reditio</span> <span class='ocrx_word' id='word_1_218' title='bbox 586 977 724 1008; x_wconf 89' lang='lat' dir='ltr'>omnium</span> <span class='ocrx_word' id='word_1_219' title='bbox 746 972 911 1005; x_wconf 77' lang='lat' dir='ltr'>coelestium</span> <span class='ocrx_word' id='word_1_220' title='bbox 927 971 964 1004; x_wconf 89' lang='lat' dir='ltr'>ad</span> <span class='ocrx_word' id='word_1_221' title='bbox 982 970 1154 1014; x_wconf 85' lang='lat' dir='ltr'>primarium</span> <span class='ocrx_word' id='word_1_222' title='bbox 1175 971 1282 1002; x_wconf 87' lang='lat' dir='ltr'>statum</span> <span class='ocrx_word' id='word_1_223' title='bbox 1299 968 1403 1006; x_wconf 87' lang='lat' dir='ltr'>suum,</span> <span class='ocrx_word' id='word_1_224' title='bbox 1427 971 1464 1004; x_wconf 91' lang='lat' dir='ltr'>de</span> <span class='ocrx_word' id='word_1_225' title='bbox 1482 982 1544 1015; x_wconf 92' lang='lat' dir='ltr'>quo</span> <span class='ocrx_word' id='word_1_226' title='bbox 1560 977 1695 1016; x_wconf 87' lang='lat' dir='ltr'>primum</span> <span class='ocrx_word' id='word_1_227' title='bbox 1711 973 1802 1018; x_wconf 83' lang='lat' dir='ltr'>primi</span> 
     </span>
     <span class='ocr_line' id='line_1_19' title="bbox 333 1015 1803 1068; baseline -0.003 -11"><span class='ocrx_word' id='word_1_228' title='bbox 333 1023 448 1068; x_wconf 75' lang='lat' dir='ltr'>plenius</span> <span class='ocrx_word' id='word_1_229' title='bbox 468 1020 646 1058; x_wconf 54' lang='lat' dir='ltr'>disserebam</span> <span class='ocrx_word' id='word_1_230' title='bbox 667 1029 738 1052; x_wconf 81' lang='lat' dir='ltr'>tunc</span> <span class='ocrx_word' id='word_1_231' title='bbox 763 1029 835 1061; x_wconf 87' lang='lat' dir='ltr'>ergo</span> <span class='ocrx_word' id='word_1_232' title='bbox 859 1027 904 1049; x_wconf 89' lang='lat' dir='ltr'>res</span> <span class='ocrx_word' id='word_1_233' title='bbox 926 1026 1075 1059; x_wconf 83' lang='lat' dir='ltr'>corruptae</span> <span class='ocrx_word' id='word_1_234' title='bbox 1097 1015 1209 1048; x_wconf 81' lang='lat' dir='ltr'>eaedem</span> <span class='ocrx_word' id='word_1_235' title='bbox 1236 1026 1362 1048; x_wconf 89' lang='lat' dir='ltr'>numero</span> <span class='ocrx_word' id='word_1_236' title='bbox 1381 1027 1567 1051; x_wconf 80' lang='lat' dir='ltr'>reuertentur.</span> <span class='ocrx_word' id='word_1_237' title='bbox 1595 1017 1728 1060; x_wconf 84' lang='lat' dir='ltr'>Quidam</span> <span class='ocrx_word' id='word_1_238' title='bbox 1749 1030 1803 1052; x_wconf 78' lang='lat' dir='ltr'>au·</span> 
     </span>
     <span class='ocr_line' id='line_1_20' title="bbox 150 1059 1801 1110; baseline -0.005 -8"><span class='ocrx_word' id='word_1_239' title='bbox 150 1074 265 1110; x_wconf 71' lang='lat' dir='ltr'>&#39;Responfio</span> <span class='ocrx_word' id='word_1_240' title='bbox 276 1079 297 1106; x_wconf 81' lang='lat'>3.</span> <span class='ocrx_word' id='word_1_241' title='bbox 333 1081 393 1103; x_wconf 89' lang='lat' dir='ltr'>tem</span> <span class='ocrx_word' id='word_1_242' title='bbox 411 1068 485 1100; x_wconf 83' lang='lat' dir='ltr'>lianc</span> <span class='ocrx_word' id='word_1_243' title='bbox 499 1077 646 1100; x_wconf 79' lang='lat' dir='ltr'>rationem</span> <span class='ocrx_word' id='word_1_244' title='bbox 664 1063 777 1097; x_wconf 90' lang='lat' dir='ltr'>soluere</span> <span class='ocrx_word' id='word_1_245' title='bbox 793 1064 944 1106; x_wconf 87' lang='lat' dir='ltr'>cupientes</span> <span class='ocrx_word' id='word_1_246' title='bbox 957 1086 966 1101; x_wconf 95' lang='lat'>,</span> <span class='ocrx_word' id='word_1_247' title='bbox 987 1059 1140 1093; x_wconf 83' lang='lat' dir='ltr'>affirmant</span> <span class='ocrx_word' id='word_1_248' title='bbox 1162 1071 1264 1093; x_wconf 88' lang='lat' dir='ltr'>motus</span> <span class='ocrx_word' id='word_1_249' title='bbox 1280 1061 1414 1094; x_wconf 76' lang='lat' dir='ltr'>coelestes</span> <span class='ocrx_word' id='word_1_250' title='bbox 1428 1072 1490 1094; x_wconf 92' lang='lat' dir='ltr'>nori</span> <span class='ocrx_word' id='word_1_251' title='bbox 1507 1061 1563 1094; x_wconf 82' lang='lat' dir='ltr'>effe</span> <span class='ocrx_word' id='word_1_252' title='bbox 1586 1065 1801 1107; x_wconf 77' lang='lat' dir='ltr'>proportiona-</span> 
     </span>
     <span class='ocr_line' id='line_1_21' title="bbox 331 1104 1802 1153; baseline -0.005 -6"><span class='ocrx_word' id='word_1_253' title='bbox 331 1115 406 1147; x_wconf 83' lang='lat' dir='ltr'>biles</span> <span class='ocrx_word' id='word_1_254' title='bbox 421 1113 590 1146; x_wconf 89' lang='lat' dir='ltr'>adinuicem</span> <span class='ocrx_word' id='word_1_255' title='bbox 607 1112 705 1153; x_wconf 88' lang='lat' dir='ltr'>aliqua</span> <span class='ocrx_word' id='word_1_256' title='bbox 719 1109 919 1153; x_wconf 69' lang='lat' dir='ltr'>proportione</span> <span class='ocrx_word' id='word_1_257' title='bbox 935 1105 1119 1144; x_wconf 85' lang='lat' dir='ltr'>rationabili,</span> <span class='ocrx_word' id='word_1_258' title='bbox 1144 1104 1193 1139; x_wconf 86' lang='lat' dir='ltr'>scd</span> <span class='ocrx_word' id='word_1_259' title='bbox 1207 1105 1324 1139; x_wconf 76' lang='lat' dir='ltr'>tantum</span> <span class='ocrx_word' id='word_1_260' title='bbox 1337 1104 1544 1146; x_wconf 78' lang='lat' dir='ltr'>irrationabili,</span> <span class='ocrx_word' id='word_1_261' title='bbox 1567 1108 1661 1150; x_wconf 87' lang='lat' dir='ltr'>qualis</span> <span class='ocrx_word' id='word_1_262' title='bbox 1674 1109 1713 1140; x_wconf 85' lang='lat' dir='ltr'>est</span> <span class='ocrx_word' id='word_1_263' title='bbox 1731 1120 1802 1153; x_wconf 88' lang='lat' dir='ltr'>pro-</span> 
     </span>
     <span class='ocr_line' id='line_1_22' title="bbox 334 1150 1802 1204; baseline -0.003 -13"><span class='ocrx_word' id='word_1_264' title='bbox 334 1161 433 1204; x_wconf 82' lang='lat' dir='ltr'>portio</span> <span class='ocrx_word' id='word_1_265' title='bbox 450 1158 585 1191; x_wconf 86' lang='lat' dir='ltr'>diametri</span> <span class='ocrx_word' id='word_1_266' title='bbox 601 1156 737 1199; x_wconf 88' lang='lat' dir='ltr'>quadrati</span> <span class='ocrx_word' id='word_1_267' title='bbox 752 1155 790 1186; x_wconf 86' lang='lat' dir='ltr'>ad</span> <span class='ocrx_word' id='word_1_268' title='bbox 805 1154 894 1191; x_wconf 78' lang='lat' dir='ltr'>latus,</span> <span class='ocrx_word' id='word_1_269' title='bbox 918 1155 948 1186; x_wconf 72' lang='lat'>6&lt;</span> <span class='ocrx_word' id='word_1_270' title='bbox 962 1153 1031 1185; x_wconf 89' lang='lat' dir='ltr'>coni</span> <span class='ocrx_word' id='word_1_271' title='bbox 1044 1150 1083 1184; x_wconf 90' lang='lat' dir='ltr'>ad</span> <span class='ocrx_word' id='word_1_272' title='bbox 1100 1151 1289 1185; x_wconf 86' lang='lat' dir='ltr'>medietatem</span> <span class='ocrx_word' id='word_1_273' title='bbox 1311 1152 1413 1192; x_wconf 81' lang='lat' dir='ltr'>suam,</span> <span class='ocrx_word' id='word_1_274' title='bbox 1439 1151 1476 1184; x_wconf 91' lang='lat' dir='ltr'>de</span> <span class='ocrx_word' id='word_1_275' title='bbox 1497 1153 1633 1194; x_wconf 73' lang='lat' dir='ltr'>qualibus</span> <span class='ocrx_word' id='word_1_276' title='bbox 1652 1153 1721 1186; x_wconf 88' lang='lat' dir='ltr'>alibi</span> <span class='ocrx_word' id='word_1_277' title='bbox 1738 1154 1802 1198; x_wconf 90' lang='lat' dir='ltr'>ple-</span> 
     </span>
     <span class='ocr_line' id='line_1_23' title="bbox 333 1195 1802 1244; baseline -0.007 -5"><span class='ocrx_word' id='word_1_278' title='bbox 333 1207 398 1239; x_wconf 83' lang='lat' dir='ltr'>nius</span> <span class='ocrx_word' id='word_1_279' title='bbox 415 1204 455 1236; x_wconf 85' lang='lat' dir='ltr'>est</span> <span class='ocrx_word' id='word_1_280' title='bbox 473 1205 631 1235; x_wconf 67' lang='lat' dir='ltr'>tractatum</span> <span class='ocrx_word' id='word_1_281' title='bbox 650 1213 658 1235; x_wconf 81' lang='lat'>3</span> <span class='ocrx_word' id='word_1_282' title='bbox 675 1210 766 1244; x_wconf 89' lang='lat' dir='ltr'>quare</span> <span class='ocrx_word' id='word_1_283' title='bbox 783 1209 838 1231; x_wconf 89' lang='lat' dir='ltr'>nec</span> <span class='ocrx_word' id='word_1_284' title='bbox 852 1209 936 1231; x_wconf 85' lang='lat' dir='ltr'>mota</span> <span class='ocrx_word' id='word_1_285' title='bbox 953 1197 1086 1230; x_wconf 81' lang='lat' dir='ltr'>coelestia</span> <span class='ocrx_word' id='word_1_286' title='bbox 1102 1207 1233 1239; x_wconf 85' lang='lat' dir='ltr'>vnquam</span> <span class='ocrx_word' id='word_1_287' title='bbox 1256 1196 1385 1240; x_wconf 74' lang='lat' dir='ltr'>plenarie</span> <span class='ocrx_word' id='word_1_288' title='bbox 1408 1195 1558 1231; x_wconf 85' lang='lat' dir='ltr'>reuersura</span> <span class='ocrx_word' id='word_1_289' title='bbox 1574 1198 1612 1232; x_wconf 85' lang='lat' dir='ltr'>ad</span> <span class='ocrx_word' id='word_1_290' title='bbox 1629 1200 1802 1241; x_wconf 81' lang='lat' dir='ltr'>primarium</span> 
     </span>
     <span class='ocr_line' id='line_1_24' title="bbox 333 1241 1804 1287; baseline -0.005 -5"><span class='ocrx_word' id='word_1_291' title='bbox 333 1251 441 1282; x_wconf 84' lang='lat' dir='ltr'>statum</span> <span class='ocrx_word' id='word_1_292' title='bbox 459 1247 555 1284; x_wconf 87' lang='lat' dir='ltr'>snum,</span> <span class='ocrx_word' id='word_1_293' title='bbox 572 1259 626 1280; x_wconf 87' lang='lat' dir='ltr'>nec</span> <span class='ocrx_word' id='word_1_294' title='bbox 641 1247 679 1279; x_wconf 85' lang='lat' dir='ltr'>ad</span> <span class='ocrx_word' id='word_1_295' title='bbox 696 1245 788 1277; x_wconf 89' lang='lat' dir='ltr'>alium</span> <span class='ocrx_word' id='word_1_296' title='bbox 799 1253 1010 1287; x_wconf 87' lang='lat' dir='ltr'>quemcunque</span> <span class='ocrx_word' id='word_1_297' title='bbox 1027 1242 1208 1285; x_wconf 77' lang='lat' dir='ltr'>sequentem.</span> <span class='ocrx_word' id='word_1_298' title='bbox 1232 1241 1292 1274; x_wconf 89' lang='lat' dir='ltr'>Sed</span> <span class='ocrx_word' id='word_1_299' title='bbox 1301 1241 1536 1287; x_wconf 84' lang='lat' dir='ltr'>istahypothefis</span> <span class='ocrx_word' id='word_1_300' title='bbox 1545 1243 1717 1287; x_wconf 80' lang='lat' dir='ltr'>reiponliua</span> <span class='ocrx_word' id='word_1_301' title='bbox 1726 1245 1804 1277; x_wconf 87' lang='lat' dir='ltr'>mul-</span> 
     </span>
     <span class='ocr_line' id='line_1_25' title="bbox 332 1287 1803 1333; baseline -0.005 -5"><span class='ocrx_word' id='word_1_302' title='bbox 332 1297 397 1328; x_wconf 68' lang='lat' dir='ltr'>tum</span> <span class='ocrx_word' id='word_1_303' title='bbox 413 1295 580 1327; x_wconf 75' lang='lat' dir='ltr'>voluntarie</span> <span class='ocrx_word' id='word_1_304' title='bbox 598 1300 628 1326; x_wconf 72' lang='lat' dir='ltr'>ec</span> <span class='ocrx_word' id='word_1_305' title='bbox 644 1290 769 1323; x_wconf 73' lang='lat' dir='ltr'>faciliter</span> <span class='ocrx_word' id='word_1_306' title='bbox 785 1290 908 1333; x_wconf 88' lang='lat' dir='ltr'>ponitur</span> <span class='ocrx_word' id='word_1_307' title='bbox 923 1287 981 1320; x_wconf 86' lang='lat' dir='ltr'>fine</span> <span class='ocrx_word' id='word_1_308' title='bbox 997 1287 1145 1320; x_wconf 87' lang='lat' dir='ltr'>euidentia</span> <span class='ocrx_word' id='word_1_309' title='bbox 1160 1288 1295 1324; x_wconf 79' lang='lat' dir='ltr'>rationis,</span> <span class='ocrx_word' id='word_1_310' title='bbox 1312 1298 1402 1330; x_wconf 82' lang='lat' dir='ltr'>quare</span> <span class='ocrx_word' id='word_1_311' title='bbox 1417 1290 1447 1322; x_wconf 68' lang='grc' dir='ltr'>ἃ</span> <span class='ocrx_word' id='word_1_312' title='bbox 1462 1290 1547 1332; x_wconf 67' lang='grc' dir='ltr'>κςυὲ</span> <span class='ocrx_word' id='word_1_313' title='bbox 1562 1289 1685 1322; x_wconf 82' lang='lat' dir='ltr'>faciliter</span> <span class='ocrx_word' id='word_1_314' title='bbox 1700 1301 1803 1332; x_wconf 87' lang='lat' dir='ltr'>repro-</span> 
     </span>
     <span class='ocr_line' id='line_1_26' title="bbox 333 1331 1841 1382; baseline -0.007 -9"><span class='ocrx_word' id='word_1_315' title='bbox 333 1342 427 1374; x_wconf 84' lang='lat' dir='ltr'>batur.</span> <span class='ocrx_word' id='word_1_316' title='bbox 458 1338 605 1382; x_wconf 88' lang='lat' dir='ltr'>Nunquid</span> <span class='ocrx_word' id='word_1_317' title='bbox 618 1339 719 1373; x_wconf 84' lang='lat' dir='ltr'>etiam,</span> <span class='ocrx_word' id='word_1_318' title='bbox 734 1332 854 1367; x_wconf 83' lang='lat' dir='ltr'>admiffa</span> <span class='ocrx_word' id='word_1_319' title='bbox 868 1331 1041 1378; x_wconf 81' lang='lat' dir='ltr'>hypotheli‚</span> <span class='ocrx_word' id='word_1_320' title='bbox 1057 1331 1304 1365; x_wconf 81' lang='lat' dir='ltr'>ostendantsuum</span> <span class='ocrx_word' id='word_1_321' title='bbox 1313 1332 1503 1376; x_wconf 88' lang='lat' dir='ltr'>propositum</span> <span class='ocrx_word' id='word_1_322' title='bbox 1520 1340 1529 1364; x_wconf 67' lang='grc' dir='ltr'><em>ὲ</em></span> <span class='ocrx_word' id='word_1_323' title='bbox 1549 1334 1625 1367; x_wconf 90' lang='lat' dir='ltr'>Non</span> <span class='ocrx_word' id='word_1_324' title='bbox 1633 1335 1672 1367; x_wconf 79' lang='lat' dir='ltr'>est</span> <span class='ocrx_word' id='word_1_325' title='bbox 1681 1335 1803 1368; x_wconf 70' lang='lat' dir='ltr'>euidens</span> <span class='ocrx_word' id='word_1_326' title='bbox 1813 1334 1841 1367; x_wconf 89' lang='lat' dir='ltr'>C</span> 
     </span>
     <span class='ocr_line' id='line_1_27' title="bbox 334 1375 1802 1430; baseline -0.005 -10"><span class='ocrx_word' id='word_1_327' title='bbox 334 1388 555 1430; x_wconf 86' lang='lat' dir='ltr'>vsquequaque,</span> <span class='ocrx_word' id='word_1_328' title='bbox 571 1382 652 1427; x_wconf 85' lang='lat' dir='ltr'>quod</span> <span class='ocrx_word' id='word_1_329' title='bbox 662 1382 793 1414; x_wconf 87' lang='lat' dir='ltr'>euidenti</span> <span class='ocrx_word' id='word_1_330' title='bbox 803 1380 918 1412; x_wconf 84' lang='lat' dir='ltr'>ratione</span> <span class='ocrx_word' id='word_1_331' title='bbox 931 1377 1072 1411; x_wconf 86' lang='lat' dir='ltr'>discutere</span> <span class='ocrx_word' id='word_1_332' title='bbox 1086 1388 1140 1422; x_wconf 87' lang='lat' dir='ltr'>pet</span> <span class='ocrx_word' id='word_1_333' title='bbox 1154 1375 1334 1411; x_wconf 80' lang='lat' dir='ltr'>theoremata</span> <span class='ocrx_word' id='word_1_334' title='bbox 1350 1377 1599 1412; x_wconf 83' lang='lat' dir='ltr'>mathematicalia</span> <span class='ocrx_word' id='word_1_335' title='bbox 1613 1382 1630 1412; x_wconf 72' lang='lat' dir='ltr'>a</span> <span class='ocrx_word' id='word_1_336' title='bbox 1643 1378 1802 1413; x_wconf 87' lang='lat' dir='ltr'>sacrisli&#39;te-</span> 
     </span>
     <span class='ocr_line' id='line_1_28' title="bbox 332 1421 1802 1470; baseline -0.005 -6"><span class='ocrx_word' id='word_1_337' title='bbox 332 1445 371 1465; x_wconf 83' lang='lat' dir='ltr'>ris</span> <span class='ocrx_word' id='word_1_338' title='bbox 387 1432 515 1464; x_wconf 77' lang='lat' dir='ltr'>multum</span> <span class='ocrx_word' id='word_1_339' title='bbox 537 1439 691 1466; x_wconf 84' lang='lat' dir='ltr'>extranea,</span> <span class='ocrx_word' id='word_1_340' title='bbox 711 1428 805 1470; x_wconf 83' lang='lat' dir='ltr'>magis</span> <span class='ocrx_word' id='word_1_341' title='bbox 822 1423 969 1457; x_wconf 89' lang='lat' dir='ltr'>curiosum</span> <span class='ocrx_word' id='word_1_342' title='bbox 990 1423 1119 1457; x_wconf 72' lang='lat' dir='ltr'>fortassis</span> <span class='ocrx_word' id='word_1_343' title='bbox 1140 1423 1231 1466; x_wconf 68' lang='lat' dir='ltr'>quam</span> <span class='ocrx_word' id='word_1_344' title='bbox 1247 1421 1429 1457; x_wconf 65' lang='lat' dir='ltr'>fructuosum</span> <span class='ocrx_word' id='word_1_345' title='bbox 1454 1422 1623 1469; x_wconf 88' lang='lat' dir='ltr'>Theologis</span> <span class='ocrx_word' id='word_1_346' title='bbox 1639 1424 1802 1462; x_wconf 83' lang='lat' dir='ltr'>videretur,</span> 
     </span>
     <span class='ocr_line' id='line_1_29' title="bbox 151 1467 1802 1524; baseline -0.01 -11"><span class='ocrx_word' id='word_1_347' title='bbox 151 1486 266 1524; x_wconf 62' lang='lat' dir='ltr'>Responsio</span> <span class='ocrx_word' id='word_1_348' title='bbox 275 1495 303 1520; x_wconf 90' lang='lat'>4-</span> <span class='ocrx_word' id='word_1_349' title='bbox 334 1477 464 1511; x_wconf 72' lang='lat' dir='ltr'>maxime</span> <span class='ocrx_word' id='word_1_350' title='bbox 480 1475 546 1508; x_wconf 70' lang='lat' dir='ltr'>cum</span> <span class='ocrx_word' id='word_1_351' title='bbox 561 1475 643 1507; x_wconf 84' lang='lat' dir='ltr'>aliter</span> <span class='ocrx_word' id='word_1_352' title='bbox 661 1474 753 1517; x_wconf 76' lang='lat' dir='ltr'>polsit</span> <span class='ocrx_word' id='word_1_353' title='bbox 768 1481 889 1503; x_wconf 86' lang='lat' dir='ltr'>axioma</span> <span class='ocrx_word' id='word_1_354' title='bbox 905 1468 1090 1512; x_wconf 77' lang='lat' dir='ltr'>propositum</span> <span class='ocrx_word' id='word_1_355' title='bbox 1107 1468 1195 1512; x_wconf 75' lang='lat' dir='ltr'>plene</span> <span class='ocrx_word' id='word_1_356' title='bbox 1208 1468 1292 1501; x_wconf 90' lang='lat' dir='ltr'>solui.</span> <span class='ocrx_word' id='word_1_357' title='bbox 1318 1468 1379 1505; x_wconf 81' lang='lat' dir='ltr'>Alii</span> <span class='ocrx_word' id='word_1_358' title='bbox 1390 1467 1465 1501; x_wconf 74' lang='lat' dir='ltr'>vero</span> <span class='ocrx_word' id='word_1_359' title='bbox 1480 1469 1594 1507; x_wconf 88' lang='lat' dir='ltr'>dicunt,</span> <span class='ocrx_word' id='word_1_360' title='bbox 1609 1468 1692 1513; x_wconf 76' lang='lat' dir='ltr'>quod</span> <span class='ocrx_word' id='word_1_361' title='bbox 1701 1469 1802 1503; x_wconf 75' lang='lat' dir='ltr'>diuer-</span> 
     </span>
     <span class='ocr_line' id='line_1_30' title="bbox 334 1512 1803 1565; baseline -0.005 -10"><span class='ocrx_word' id='word_1_362' title='bbox 334 1523 400 1556; x_wconf 80' lang='lat' dir='ltr'>sitas</span> <span class='ocrx_word' id='word_1_363' title='bbox 417 1523 562 1565; x_wconf 82' lang='lat' dir='ltr'>temporis</span> <span class='ocrx_word' id='word_1_364' title='bbox 579 1519 736 1553; x_wconf 84' lang='lat' dir='ltr'>numeralis</span> <span class='ocrx_word' id='word_1_365' title='bbox 751 1517 792 1549; x_wconf 91' lang='lat' dir='ltr'>est</span> <span class='ocrx_word' id='word_1_366' title='bbox 811 1514 897 1549; x_wconf 83' lang='lat' dir='ltr'>causa</span> <span class='ocrx_word' id='word_1_367' title='bbox 911 1514 1084 1547; x_wconf 84' lang='lat' dir='ltr'>diuersitatis</span> <span class='ocrx_word' id='word_1_368' title='bbox 1100 1512 1262 1546; x_wconf 70' lang='lat' dir='ltr'>effectuum</span> <span class='ocrx_word' id='word_1_369' title='bbox 1279 1513 1449 1547; x_wconf 86' lang='lat' dir='ltr'>numeralis.</span> <span class='ocrx_word' id='word_1_370' title='bbox 1479 1514 1536 1548; x_wconf 89' lang='lat' dir='ltr'>Sed</span> <span class='ocrx_word' id='word_1_371' title='bbox 1546 1514 1719 1558; x_wconf 86' lang='lat' dir='ltr'>quomodo,</span> <span class='ocrx_word' id='word_1_372' title='bbox 1730 1515 1803 1548; x_wconf 73' lang='lat' dir='ltr'>&lt;iim</span> 
     </span>
     <span class='ocr_line' id='line_1_31' title="bbox 334 1558 1802 1611; baseline -0.007 -11"><span class='ocrx_word' id='word_1_373' title='bbox 334 1579 455 1611; x_wconf 86' lang='lat' dir='ltr'>tempus</span> <span class='ocrx_word' id='word_1_374' title='bbox 468 1579 531 1600; x_wconf 85' lang='lat' dir='ltr'>non</span> <span class='ocrx_word' id='word_1_375' title='bbox 553 1565 586 1597; x_wconf 91' lang='lat' dir='ltr'>sit</span> <span class='ocrx_word' id='word_1_376' title='bbox 609 1564 694 1596; x_wconf 79' lang='lat' dir='ltr'>causa</span> <span class='ocrx_word' id='word_1_377' title='bbox 711 1562 843 1595; x_wconf 86' lang='lat' dir='ltr'>efficiens</span> <span class='ocrx_word' id='word_1_378' title='bbox 859 1560 1020 1593; x_wconf 85' lang='lat' dir='ltr'>materialis</span> <span class='ocrx_word' id='word_1_379' title='bbox 1040 1570 1140 1602; x_wconf 88' lang='lat' dir='ltr'>neque</span> <span class='ocrx_word' id='word_1_380' title='bbox 1157 1558 1290 1592; x_wconf 82' lang='lat' dir='ltr'>formalis</span> <span class='ocrx_word' id='word_1_381' title='bbox 1306 1558 1468 1591; x_wconf 62' lang='lat' dir='ltr'>effectuum</span> <span class='ocrx_word' id='word_1_382' title='bbox 1478 1560 1693 1602; x_wconf 61' lang='lat' dir='ltr'>produewrum</span> <span class='ocrx_word' id='word_1_383' title='bbox 1712 1566 1721 1590; x_wconf 65' lang='grc'>1</span> <span class='ocrx_word' id='word_1_384' title='bbox 1737 1572 1802 1605; x_wconf 79' lang='lat' dir='ltr'>quae</span> 
     </span>
     <span class='ocr_line' id='line_1_32' title="bbox 333 1603 1802 1650; baseline -0.005 -4"><span class='ocrx_word' id='word_1_385' title='bbox 333 1625 423 1647; x_wconf 84' lang='lat' dir='ltr'>etiam</span> <span class='ocrx_word' id='word_1_386' title='bbox 440 1613 526 1645; x_wconf 87' lang='lat' dir='ltr'>causa</span> <span class='ocrx_word' id='word_1_387' title='bbox 542 1610 715 1643; x_wconf 83' lang='lat' dir='ltr'>diuerfitatis</span> <span class='ocrx_word' id='word_1_388' title='bbox 729 1609 876 1650; x_wconf 83' lang='lat' dir='ltr'>temporis</span> <span class='ocrx_word' id='word_1_389' title='bbox 889 1605 1048 1640; x_wconf 81' lang='lat' dir='ltr'>numeralis</span> <span class='ocrx_word' id='word_1_390' title='bbox 1065 1611 1074 1636; x_wconf 71' lang='grc' dir='ltr'>ἒ</span> <span class='ocrx_word' id='word_1_391' title='bbox 1094 1606 1125 1638; x_wconf 83' lang='grc'>81</span> <span class='ocrx_word' id='word_1_392' title='bbox 1142 1604 1284 1643; x_wconf 86' lang='lat' dir='ltr'>dixerint,</span> <span class='ocrx_word' id='word_1_393' title='bbox 1310 1603 1395 1647; x_wconf 74' lang='lat' dir='ltr'>quod</span> <span class='ocrx_word' id='word_1_394' title='bbox 1409 1603 1559 1639; x_wconf 80' lang='lat' dir='ltr'>diuersitas</span> <span class='ocrx_word' id='word_1_395' title='bbox 1580 1616 1722 1639; x_wconf 90' lang='lat' dir='ltr'>motuum</span> <span class='ocrx_word' id='word_1_396' title='bbox 1738 1618 1802 1639; x_wconf 86' lang='lat' dir='ltr'>coe-</span> 
     </span>
     <span class='ocr_line' id='line_1_33' title="bbox 333 1649 1802 1700; baseline -0.005 -8"><span class='ocrx_word' id='word_1_397' title='bbox 333 1662 449 1693; x_wconf 90' lang='lat' dir='ltr'>lestium</span> <span class='ocrx_word' id='word_1_398' title='bbox 468 1674 476 1690; x_wconf 70' lang='grc' dir='ltr'><strong><em>ε</em></strong></span> <span class='ocrx_word' id='word_1_399' title='bbox 493 1659 522 1693; x_wconf 70' lang='grc' dir='ltr'>ὃ(</span> <span class='ocrx_word' id='word_1_400' title='bbox 539 1668 604 1700; x_wconf 85' lang='lat' dir='ltr'>quae</span> <span class='ocrx_word' id='word_1_401' title='bbox 622 1654 704 1687; x_wconf 81' lang='lat' dir='ltr'>causa</span> <span class='ocrx_word' id='word_1_402' title='bbox 718 1653 895 1687; x_wconf 84' lang='lat' dir='ltr'>diuerfitatis</span> <span class='ocrx_word' id='word_1_403' title='bbox 910 1650 1068 1683; x_wconf 80' lang='lat' dir='ltr'>numeralis</span> <span class='ocrx_word' id='word_1_404' title='bbox 1084 1652 1207 1683; x_wconf 86' lang='lat' dir='ltr'>istorum</span> <span class='ocrx_word' id='word_1_405' title='bbox 1225 1656 1233 1680; x_wconf 69' lang='grc' dir='ltr'><strong><em>ἓ</em></strong></span> <span class='ocrx_word' id='word_1_406' title='bbox 1251 1650 1287 1682; x_wconf 87' lang='lat' dir='ltr'>Et</span> <span class='ocrx_word' id='word_1_407' title='bbox 1296 1649 1333 1681; x_wconf 85' lang='lat' dir='ltr'>fic</span> <span class='ocrx_word' id='word_1_408' title='bbox 1350 1651 1496 1683; x_wconf 73' lang='lat' dir='ltr'>continue</span> <span class='ocrx_word' id='word_1_409' title='bbox 1510 1649 1729 1684; x_wconf 88' lang='lat' dir='ltr'>ascendendum</span> <span class='ocrx_word' id='word_1_410' title='bbox 1744 1651 1802 1684; x_wconf 93' lang='lat' dir='ltr'>do-</span> 
     </span>
     <span class='ocr_line' id='line_1_34' title="bbox 150 1694 1800 1752; baseline -0.01 -14"><span class='ocrx_word' id='word_1_411' title='bbox 150 1715 265 1752; x_wconf 73' lang='lat' dir='ltr'>Responfio</span> <span class='ocrx_word' id='word_1_412' title='bbox 275 1725 299 1752; x_wconf 78' lang='grc' dir='ltr'>ς,</span> <span class='ocrx_word' id='word_1_413' title='bbox 334 1706 583 1747; x_wconf 84' lang='lat' dir='ltr'>necperueniatur</span> <span class='ocrx_word' id='word_1_414' title='bbox 597 1701 633 1734; x_wconf 84' lang='lat' dir='ltr'>ad</span> <span class='ocrx_word' id='word_1_415' title='bbox 646 1702 778 1742; x_wconf 88' lang='lat' dir='ltr'>primum</span> <span class='ocrx_word' id='word_1_416' title='bbox 795 1696 965 1730; x_wconf 85' lang='lat' dir='ltr'>huiusmodi</span> <span class='ocrx_word' id='word_1_417' title='bbox 983 1694 1171 1728; x_wconf 72' lang='lat' dir='ltr'>diuersatum.</span> <span class='ocrx_word' id='word_1_418' title='bbox 1194 1694 1485 1734; x_wconf 84' lang='lat' dir='ltr'>Alijadliucdicunt,</span> <span class='ocrx_word' id='word_1_419' title='bbox 1500 1696 1584 1738; x_wconf 70' lang='lat' dir='ltr'>quod</span> <span class='ocrx_word' id='word_1_420' title='bbox 1598 1695 1683 1729; x_wconf 82' lang='lat' dir='ltr'>causa</span> <span class='ocrx_word' id='word_1_421' title='bbox 1699 1695 1800 1729; x_wconf 82' lang='lat' dir='ltr'>huius.</span> 
     </span>
     <span class='ocr_line' id='line_1_35' title="bbox 334 1739 1798 1783; baseline -0.005 0"><span class='ocrx_word' id='word_1_422' title='bbox 334 1751 418 1783; x_wconf 92' lang='lat' dir='ltr'>modi</span> <span class='ocrx_word' id='word_1_423' title='bbox 429 1747 602 1781; x_wconf 84' lang='lat' dir='ltr'>diuerlitatis</span> <span class='ocrx_word' id='word_1_424' title='bbox 616 1745 775 1778; x_wconf 70' lang='lat' dir='ltr'>effestuum</span> <span class='ocrx_word' id='word_1_425' title='bbox 791 1744 831 1776; x_wconf 86' lang='lat' dir='ltr'>est</span> <span class='ocrx_word' id='word_1_426' title='bbox 846 1742 994 1776; x_wconf 74' lang='lat' dir='ltr'>diuersitas</span> <span class='ocrx_word' id='word_1_427' title='bbox 1009 1741 1122 1774; x_wconf 88' lang='lat' dir='ltr'>ordinis</span> <span class='ocrx_word' id='word_1_428' title='bbox 1137 1741 1278 1773; x_wconf 82' lang='lat' dir='ltr'>naturalis</span> <span class='ocrx_word' id='word_1_429' title='bbox 1286 1742 1317 1773; x_wconf 90' lang='lat' dir='ltr'>in</span> <span class='ocrx_word' id='word_1_430' title='bbox 1327 1739 1459 1773; x_wconf 62' lang='lat' dir='ltr'>subiecto</span> <span class='ocrx_word' id='word_1_431' title='bbox 1469 1740 1506 1772; x_wconf 89' lang='lat' dir='ltr'>ad</span> <span class='ocrx_word' id='word_1_432' title='bbox 1517 1739 1648 1774; x_wconf 80' lang='lat' dir='ltr'>diuersos</span> <span class='ocrx_word' id='word_1_433' title='bbox 1658 1740 1798 1775; x_wconf 58' lang='lat' dir='ltr'>eskilus:</span> 
     </span>
     <span class='ocr_line' id='line_1_36' title="bbox 333 1785 1803 1841; baseline -0.006 -13"><span class='ocrx_word' id='word_1_434' title='bbox 333 1795 475 1841; x_wconf 65' lang='lat' dir='ltr'>sedquod</span> <span class='ocrx_word' id='word_1_435' title='bbox 486 1793 637 1826; x_wconf 79' lang='lat' dir='ltr'>diuersitas</span> <span class='ocrx_word' id='word_1_436' title='bbox 647 1793 676 1824; x_wconf 90' lang='lat' dir='ltr'>in</span> <span class='ocrx_word' id='word_1_437' title='bbox 696 1791 838 1823; x_wconf 82' lang='lat' dir='ltr'>relatione</span> <span class='ocrx_word' id='word_1_438' title='bbox 856 1787 888 1820; x_wconf 88' lang='lat' dir='ltr'>sit</span> <span class='ocrx_word' id='word_1_439' title='bbox 905 1787 991 1819; x_wconf 83' lang='lat' dir='ltr'>causa</span> <span class='ocrx_word' id='word_1_440' title='bbox 1006 1786 1178 1820; x_wconf 71' lang='lat' dir='ltr'>diuersitatis</span> <span class='ocrx_word' id='word_1_441' title='bbox 1195 1788 1225 1818; x_wconf 87' lang='lat' dir='ltr'>in</span> <span class='ocrx_word' id='word_1_442' title='bbox 1239 1785 1440 1818; x_wconf 81' lang='lat' dir='ltr'>accidentibus</span> <span class='ocrx_word' id='word_1_443' title='bbox 1449 1785 1592 1819; x_wconf 86' lang='lat' dir='ltr'>absolutis</span> <span class='ocrx_word' id='word_1_444' title='bbox 1603 1811 1611 1824; x_wconf 90' lang='lat'><em>,</em></span> <span class='ocrx_word' id='word_1_445' title='bbox 1629 1788 1677 1819; x_wconf 90' lang='lat' dir='ltr'>vel</span> <span class='ocrx_word' id='word_1_446' title='bbox 1690 1790 1720 1818; x_wconf 88' lang='lat' dir='ltr'>in</span> <span class='ocrx_word' id='word_1_447' title='bbox 1734 1786 1803 1819; x_wconf 83' lang='lat' dir='ltr'>lub-</span> 
     </span>
     <span class='ocr_line' id='line_1_37' title="bbox 332 1830 1801 1876; baseline -0.007 -2"><span class='ocrx_word' id='word_1_448' title='bbox 332 1843 457 1876; x_wconf 83' lang='lat' dir='ltr'>ssantii&#39;s,</span> <span class='ocrx_word' id='word_1_449' title='bbox 475 1851 537 1871; x_wconf 91' lang='lat' dir='ltr'>non</span> <span class='ocrx_word' id='word_1_450' title='bbox 550 1837 668 1870; x_wconf 86' lang='lat' dir='ltr'>videtur</span> <span class='ocrx_word' id='word_1_451' title='bbox 683 1850 693 1874; x_wconf 87' lang='lat'>;</span> <span class='ocrx_word' id='word_1_452' title='bbox 708 1835 772 1868; x_wconf 81' lang='grc' dir='ltr'>11ηό</span> <span class='ocrx_word' id='word_1_453' title='bbox 782 1832 995 1867; x_wconf 84' lang='lat' dir='ltr'>rationabiliter</span> <span class='ocrx_word' id='word_1_454' title='bbox 1006 1833 1045 1865; x_wconf 85' lang='lat' dir='ltr'>est</span> <span class='ocrx_word' id='word_1_455' title='bbox 1061 1834 1077 1865; x_wconf 80' lang='grc' dir='ltr'>ἐ</span> <span class='ocrx_word' id='word_1_456' title='bbox 1091 1842 1207 1865; x_wconf 87' lang='lat' dir='ltr'>contra.</span> <span class='ocrx_word' id='word_1_457' title='bbox 1235 1830 1415 1865; x_wconf 76' lang='lat' dir='ltr'>Vniuerfittis</span> <span class='ocrx_word' id='word_1_458' title='bbox 1422 1833 1512 1864; x_wconf 90' lang='lat' dir='ltr'>etiam</span> <span class='ocrx_word' id='word_1_459' title='bbox 1521 1831 1637 1866; x_wconf 85' lang='lat' dir='ltr'>ordinis</span> <span class='ocrx_word' id='word_1_460' title='bbox 1651 1832 1688 1865; x_wconf 91' lang='lat' dir='ltr'>de</span> <span class='ocrx_word' id='word_1_461' title='bbox 1702 1833 1801 1865; x_wconf 82' lang='lat' dir='ltr'>neces-</span> 
     </span>
     <span class='ocr_line' id='line_1_38' title="bbox 334 1876 1844 1927; baseline -0.006 -10"><span class='ocrx_word' id='word_1_462' title='bbox 334 1885 416 1918; x_wconf 80' lang='lat' dir='ltr'>fitate</span> <span class='ocrx_word' id='word_1_463' title='bbox 424 1884 571 1927; x_wconf 82' lang='lat' dir='ltr'>consurgit</span> <span class='ocrx_word' id='word_1_464' title='bbox 582 1894 617 1915; x_wconf 88' lang='lat' dir='ltr'>ex</span> <span class='ocrx_word' id='word_1_465' title='bbox 628 1880 746 1914; x_wconf 83' lang='lat' dir='ltr'>diuersis</span> <span class='ocrx_word' id='word_1_466' title='bbox 753 1880 900 1912; x_wconf 84' lang='lat' dir='ltr'>ordinatis</span> <span class='ocrx_word' id='word_1_467' title='bbox 907 1889 1046 1923; x_wconf 84' lang='lat' dir='ltr'>tanquam</span> <span class='ocrx_word' id='word_1_468' title='bbox 1059 1889 1094 1909; x_wconf 85' lang='lat' dir='ltr'>ex</span> <span class='ocrx_word' id='word_1_469' title='bbox 1112 1876 1310 1910; x_wconf 87' lang='lat' dir='ltr'>fundamento</span> <span class='ocrx_word' id='word_1_470' title='bbox 1327 1878 1358 1911; x_wconf 75' lang='grc' dir='ltr'>ὅ(</span> <span class='ocrx_word' id='word_1_471' title='bbox 1372 1877 1455 1910; x_wconf 71' lang='lat' dir='ltr'>causti</span> <span class='ocrx_word' id='word_1_472' title='bbox 1471 1878 1562 1920; x_wconf 88' lang='lat' dir='ltr'>priori</span> <span class='ocrx_word' id='word_1_473' title='bbox 1574 1892 1586 1917; x_wconf 62' lang='grc' dir='ltr'><strong>ς</strong></span> <span class='ocrx_word' id='word_1_474' title='bbox 1604 1889 1691 1922; x_wconf 83' lang='lat' dir='ltr'>quare</span> <span class='ocrx_word' id='word_1_475' title='bbox 1699 1878 1745 1910; x_wconf 89' lang='lat' dir='ltr'>illa</span> <span class='ocrx_word' id='word_1_476' title='bbox 1754 1876 1798 1909; x_wconf 84' lang='lat' dir='ltr'>di·</span> <span class='ocrx_word' id='word_1_477' title='bbox 1814 1881 1844 1915; x_wconf 81' lang='lat' dir='ltr'>D</span> 
     </span>
     <span class='ocr_line' id='line_1_39' title="bbox 334 1921 1801 1970; baseline -0.005 -7"><span class='ocrx_word' id='word_1_478' title='bbox 334 1931 413 1963; x_wconf 80' lang='lat' dir='ltr'>uersa</span> <span class='ocrx_word' id='word_1_479' title='bbox 429 1930 562 1962; x_wconf 78' lang='lat' dir='ltr'>ordinata</span> <span class='ocrx_word' id='word_1_480' title='bbox 581 1927 680 1970; x_wconf 78' lang='lat' dir='ltr'>potiiis</span> <span class='ocrx_word' id='word_1_481' title='bbox 694 1924 783 1958; x_wconf 75' lang='lat' dir='ltr'>essent</span> <span class='ocrx_word' id='word_1_482' title='bbox 796 1925 877 1958; x_wconf 86' lang='lat' dir='ltr'>causa</span> <span class='ocrx_word' id='word_1_483' title='bbox 893 1922 1063 1956; x_wconf 85' lang='lat' dir='ltr'>huiulmodi</span> <span class='ocrx_word' id='word_1_484' title='bbox 1079 1922 1253 1956; x_wconf 80' lang='lat' dir='ltr'>diuerfitatis</span> <span class='ocrx_word' id='word_1_485' title='bbox 1266 1922 1437 1959; x_wconf 53' lang='lat' dir='ltr'>effectuum,</span> <span class='ocrx_word' id='word_1_486' title='bbox 1453 1922 1546 1967; x_wconf 74' lang='lat' dir='ltr'>quam</span> <span class='ocrx_word' id='word_1_487' title='bbox 1560 1922 1713 1956; x_wconf 80' lang='lat' dir='ltr'>diuersitas</span> <span class='ocrx_word' id='word_1_488' title='bbox 1722 1921 1801 1955; x_wconf 85' lang='lat' dir='ltr'>ordi-</span> 
     </span>
     <span class='ocr_line' id='line_1_40' title="bbox 334 1966 1802 2017; baseline -0.006 -10"><span class='ocrx_word' id='word_1_489' title='bbox 334 1988 386 2007; x_wconf 80' lang='lat' dir='ltr'>nis.</span> <span class='ocrx_word' id='word_1_490' title='bbox 415 1977 490 2017; x_wconf 83' lang='lat' dir='ltr'>Qae</span> <span class='ocrx_word' id='word_1_491' title='bbox 506 1977 593 2006; x_wconf 70' lang='lat' dir='ltr'>etiam</span> <span class='ocrx_word' id='word_1_492' title='bbox 604 1996 612 2009; x_wconf 93' lang='lat'>,</span> <span class='ocrx_word' id='word_1_493' title='bbox 629 1972 726 2012; x_wconf 83' lang='lat' dir='ltr'>qualia</span> <span class='ocrx_word' id='word_1_494' title='bbox 738 1995 745 2007; x_wconf 85' lang='lat'><em>,</em></span> <span class='ocrx_word' id='word_1_495' title='bbox 761 1978 791 2003; x_wconf 75' lang='grc' dir='ltr'>δι</span> <span class='ocrx_word' id='word_1_496' title='bbox 807 1976 883 2013; x_wconf 88' lang='lat' dir='ltr'>quot</span> <span class='ocrx_word' id='word_1_497' title='bbox 900 1969 955 2000; x_wconf 88' lang='lat' dir='ltr'>sint</span> <span class='ocrx_word' id='word_1_498' title='bbox 970 1969 1021 2000; x_wconf 87' lang='lat' dir='ltr'>ista</span> <span class='ocrx_word' id='word_1_499' title='bbox 1037 1968 1173 2001; x_wconf 87' lang='lat' dir='ltr'>ordinata</span> <span class='ocrx_word' id='word_1_500' title='bbox 1181 1966 1302 2005; x_wconf 80' lang='lat' dir='ltr'>diuersa,</span> <span class='ocrx_word' id='word_1_501' title='bbox 1319 1978 1381 2000; x_wconf 89' lang='lat' dir='ltr'>non</span> <span class='ocrx_word' id='word_1_502' title='bbox 1393 1970 1542 2011; x_wconf 84' lang='lat' dir='ltr'>exprimit,</span> <span class='ocrx_word' id='word_1_503' title='bbox 1558 1967 1588 2002; x_wconf 76' lang='grc' dir='ltr'>δι</span> <span class='ocrx_word' id='word_1_504' title='bbox 1605 1970 1656 2000; x_wconf 78' lang='lat' dir='ltr'>vix</span> <span class='ocrx_word' id='word_1_505' title='bbox 1671 1967 1692 2000; x_wconf 84' lang='lat' dir='ltr'>fi</span> <span class='ocrx_word' id='word_1_506' title='bbox 1703 1968 1802 2012; x_wconf 87' lang='lat' dir='ltr'>expri-</span> 
     </span>
     <span class='ocr_line' id='line_1_41' title="bbox 334 2011 1801 2061; baseline -0.007 -8"><span class='ocrx_word' id='word_1_507' title='bbox 334 2021 496 2053; x_wconf 64' lang='lat' dir='ltr'>mereclare</span> <span class='ocrx_word' id='word_1_508' title='bbox 507 2016 606 2061; x_wconf 71' lang='lat' dir='ltr'>postit.</span> <span class='ocrx_word' id='word_1_509' title='bbox 629 2014 831 2057; x_wconf 86' lang='lat' dir='ltr'>Philosophus</span> <span class='ocrx_word' id='word_1_510' title='bbox 846 2015 935 2047; x_wconf 70' lang='lat' dir='ltr'>etiam</span> <span class='ocrx_word' id='word_1_511' title='bbox 954 2013 1180 2056; x_wconf 83' lang='lat' dir='ltr'>t2.Mctaphys.</span> <span class='ocrx_word' id='word_1_512' title='bbox 1196 2011 1246 2044; x_wconf 83' lang='lat' dir='ltr'>vbi</span> <span class='ocrx_word' id='word_1_513' title='bbox 1264 2013 1356 2047; x_wconf 84' lang='lat' dir='ltr'>fuerat</span> <span class='ocrx_word' id='word_1_514' title='bbox 1368 2013 1522 2056; x_wconf 84' lang='lat' dir='ltr'>allegatus,</span> <span class='ocrx_word' id='word_1_515' title='bbox 1536 2015 1733 2057; x_wconf 88' lang='lat' dir='ltr'>tangitvnum</span> <span class='ocrx_word' id='word_1_516' title='bbox 1748 2023 1801 2056; x_wconf 89' lang='lat' dir='ltr'>per</span> 
     </span>
     <span class='ocr_line' id='line_1_42' title="bbox 334 2055 1799 2110; baseline -0.008 -12"><span class='ocrx_word' id='word_1_517' title='bbox 334 2066 415 2110; x_wconf 83' lang='lat' dir='ltr'>quod</span> <span class='ocrx_word' id='word_1_518' title='bbox 425 2064 539 2097; x_wconf 87' lang='lat' dir='ltr'>videtur</span> <span class='ocrx_word' id='word_1_519' title='bbox 548 2063 659 2095; x_wconf 82' lang='lat' dir='ltr'>soluere</span> <span class='ocrx_word' id='word_1_520' title='bbox 667 2060 871 2094; x_wconf 71' lang='lat' dir='ltr'>obiestionem</span> <span class='ocrx_word' id='word_1_521' title='bbox 882 2055 1067 2101; x_wconf 72' lang='lat' dir='ltr'>prxmissam,</span> <span class='ocrx_word' id='word_1_522' title='bbox 1077 2064 1106 2090; x_wconf 73' lang='grc' dir='ltr'>δι</span> <span class='ocrx_word' id='word_1_523' title='bbox 1115 2067 1265 2100; x_wconf 79' lang='lat' dir='ltr'>exponere</span> <span class='ocrx_word' id='word_1_524' title='bbox 1272 2057 1349 2089; x_wconf 65' lang='lat' dir='ltr'>dista</span> <span class='ocrx_word' id='word_1_525' title='bbox 1357 2055 1416 2096; x_wconf 74' lang='lat' dir='ltr'>sua,</span> <span class='ocrx_word' id='word_1_526' title='bbox 1428 2057 1518 2091; x_wconf 86' lang='lat' dir='ltr'>lllud,</span> <span class='ocrx_word' id='word_1_527' title='bbox 1527 2059 1674 2100; x_wconf 85' lang='lat' dir='ltr'>inquiens,</span> <span class='ocrx_word' id='word_1_528' title='bbox 1686 2057 1799 2089; x_wconf 69' lang='lat' dir='ltr'>faaum</span> 
     </span>
     <span class='ocr_line' id='line_1_43' title="bbox 335 2100 1798 2148; baseline -0.007 -6"><span class='ocrx_word' id='word_1_529' title='bbox 335 2112 375 2143; x_wconf 83' lang='lat' dir='ltr'>est</span> <span class='ocrx_word' id='word_1_530' title='bbox 390 2113 457 2143; x_wconf 61' lang='grc'><strong>116111</strong></span> <span class='ocrx_word' id='word_1_531' title='bbox 468 2134 477 2148; x_wconf 85' lang='grc'><em>,</em></span> <span class='ocrx_word' id='word_1_532' title='bbox 491 2110 573 2141; x_wconf 88' lang='lat' dir='ltr'>cuius</span> <span class='ocrx_word' id='word_1_533' title='bbox 588 2108 713 2138; x_wconf 85' lang='lat' dir='ltr'>materia</span> <span class='ocrx_word' id='word_1_534' title='bbox 727 2116 786 2138; x_wconf 86' lang='lat' dir='ltr'>erat</span> <span class='ocrx_word' id='word_1_535' title='bbox 801 2105 955 2148; x_wconf 80' lang='lat' dir='ltr'>potentia,</span> <span class='ocrx_word' id='word_1_536' title='bbox 979 2106 1025 2136; x_wconf 83' lang='lat' dir='ltr'>leu</span> <span class='ocrx_word' id='word_1_537' title='bbox 1040 2104 1069 2134; x_wconf 91' lang='lat' dir='ltr'>in</span> <span class='ocrx_word' id='word_1_538' title='bbox 1087 2111 1238 2145; x_wconf 70' lang='lat' dir='ltr'>porentia,</span> <span class='ocrx_word' id='word_1_539' title='bbox 1258 2103 1384 2133; x_wconf 85' lang='lat' dir='ltr'>innuens</span> <span class='ocrx_word' id='word_1_540' title='bbox 1399 2101 1486 2144; x_wconf 70' lang='lat' dir='ltr'>quod</span> <span class='ocrx_word' id='word_1_541' title='bbox 1499 2100 1548 2134; x_wconf 79' lang='lat' dir='ltr'>etii</span> <span class='ocrx_word' id='word_1_542' title='bbox 1565 2113 1656 2145; x_wconf 84' lang='lat' dir='ltr'>ageris</span> <span class='ocrx_word' id='word_1_543' title='bbox 1672 2100 1705 2134; x_wconf 89' lang='lat' dir='ltr'>sit</span> <span class='ocrx_word' id='word_1_544' title='bbox 1718 2101 1798 2134; x_wconf 88' lang='lat' dir='ltr'>idem</span> 
     </span>
     <span class='ocr_line' id='line_1_44' title="bbox 334 2145 1801 2191; baseline -0.007 -3"><span class='ocrx_word' id='word_1_545' title='bbox 334 2159 364 2191; x_wconf 74' lang='grc' dir='ltr'>ὃ(</span> <span class='ocrx_word' id='word_1_546' title='bbox 381 2158 501 2188; x_wconf 80' lang='lat' dir='ltr'>materia</span> <span class='ocrx_word' id='word_1_547' title='bbox 517 2154 621 2185; x_wconf 81' lang='lat' dir='ltr'>cadem</span> <span class='ocrx_word' id='word_1_548' title='bbox 632 2178 641 2191; x_wconf 92' lang='lat'>,</span> <span class='ocrx_word' id='word_1_549' title='bbox 655 2162 692 2184; x_wconf 85' lang='lat' dir='ltr'>ex</span> <span class='ocrx_word' id='word_1_550' title='bbox 706 2151 872 2183; x_wconf 87' lang='lat' dir='ltr'>diuersitate</span> <span class='ocrx_word' id='word_1_551' title='bbox 886 2159 985 2182; x_wconf 86' lang='lat' dir='ltr'>tamen</span> <span class='ocrx_word' id='word_1_552' title='bbox 998 2148 1197 2191; x_wconf 88' lang='lat' dir='ltr'>potentiarum</span> <span class='ocrx_word' id='word_1_553' title='bbox 1212 2148 1242 2177; x_wconf 93' lang='lat' dir='ltr'>in</span> <span class='ocrx_word' id='word_1_554' title='bbox 1258 2147 1380 2178; x_wconf 84' lang='lat' dir='ltr'>materia</span> <span class='ocrx_word' id='word_1_555' title='bbox 1394 2146 1431 2178; x_wconf 95' lang='lat' dir='ltr'>ad</span> <span class='ocrx_word' id='word_1_556' title='bbox 1447 2145 1578 2179; x_wconf 81' lang='lat' dir='ltr'>diuersos</span> <span class='ocrx_word' id='word_1_557' title='bbox 1592 2145 1716 2179; x_wconf 61' lang='lat' dir='ltr'>effeetus</span> <span class='ocrx_word' id='word_1_558' title='bbox 1736 2145 1801 2189; x_wconf 82' lang='lat' dir='ltr'>pos-</span> 
     </span>
     <span class='ocr_line' id='line_1_45' title="bbox 334 2189 1802 2241; baseline -0.008 -7"><span class='ocrx_word' id='word_1_559' title='bbox 334 2203 410 2234; x_wconf 83' lang='lat' dir='ltr'>ssunt</span> <span class='ocrx_word' id='word_1_560' title='bbox 427 2200 584 2241; x_wconf 87' lang='lat' dir='ltr'>prouenire</span> <span class='ocrx_word' id='word_1_561' title='bbox 598 2196 702 2230; x_wconf 86' lang='lat' dir='ltr'>diuerfi</span> <span class='ocrx_word' id='word_1_562' title='bbox 718 2195 839 2228; x_wconf 68' lang='lat' dir='ltr'>effeetus</span> <span class='ocrx_word' id='word_1_563' title='bbox 859 2206 867 2228; x_wconf 83' lang='lat'>·.</span> <span class='ocrx_word' id='word_1_564' title='bbox 885 2205 975 2237; x_wconf 86' lang='lat' dir='ltr'>quare</span> <span class='ocrx_word' id='word_1_565' title='bbox 991 2193 1028 2224; x_wconf 90' lang='lat' dir='ltr'>ad</span> <span class='ocrx_word' id='word_1_566' title='bbox 1044 2191 1104 2224; x_wconf 88' lang='lat' dir='ltr'>hoc</span> <span class='ocrx_word' id='word_1_567' title='bbox 1121 2190 1206 2236; x_wconf 74' lang='lat' dir='ltr'>quod</span> <span class='ocrx_word' id='word_1_568' title='bbox 1223 2189 1344 2223; x_wconf 62' lang='lat' dir='ltr'>effeetus</span> <span class='ocrx_word' id='word_1_569' title='bbox 1360 2190 1393 2224; x_wconf 83' lang='lat' dir='ltr'>fit</span> <span class='ocrx_word' id='word_1_570' title='bbox 1405 2190 1485 2224; x_wconf 88' lang='lat' dir='ltr'>idern</span> <span class='ocrx_word' id='word_1_571' title='bbox 1501 2202 1628 2224; x_wconf 90' lang='lat' dir='ltr'>numero</span> <span class='ocrx_word' id='word_1_572' title='bbox 1644 2193 1802 2236; x_wconf 87' lang='lat' dir='ltr'>requiritur</span> 
     </span>
     <span class='ocr_line' id='line_1_46' title="bbox 334 2235 1801 2288; baseline -0.007 -10"><span class='ocrx_word' id='word_1_573' title='bbox 334 2247 472 2279; x_wconf 81' lang='lat' dir='ltr'>identitas</span> <span class='ocrx_word' id='word_1_574' title='bbox 496 2245 638 2288; x_wconf 78' lang='lat' dir='ltr'>potentiae</span> <span class='ocrx_word' id='word_1_575' title='bbox 661 2241 832 2273; x_wconf 82' lang='lat' dir='ltr'>numeralis.</span> <span class='ocrx_word' id='word_1_576' title='bbox 857 2238 1067 2282; x_wconf 86' lang='lat' dir='ltr'>Qamobrem</span> <span class='ocrx_word' id='word_1_577' title='bbox 1086 2244 1117 2270; x_wconf 77' lang='grc' dir='ltr'>δι</span> <span class='ocrx_word' id='word_1_578' title='bbox 1133 2238 1280 2268; x_wconf 84' lang='lat' dir='ltr'>Auerroes</span> <span class='ocrx_word' id='word_1_579' title='bbox 1296 2235 1349 2268; x_wconf 90' lang='lat' dir='ltr'>illo</span> <span class='ocrx_word' id='word_1_580' title='bbox 1365 2247 1543 2268; x_wconf 87' lang='lat' dir='ltr'>commento</span> <span class='ocrx_word' id='word_1_581' title='bbox 1560 2237 1740 2275; x_wconf 64' lang='lat' dir='ltr'>vadet-imo,</span> <span class='ocrx_word' id='word_1_582' title='bbox 1757 2237 1801 2273; x_wconf 81' lang='lat' dir='ltr'>Si,</span> 
     </span>
     <span class='ocr_line' id='line_1_47' title="bbox 335 2281 1801 2335; baseline -0.008 -10"><span class='ocrx_word' id='word_1_583' title='bbox 335 2294 448 2335; x_wconf 90' lang='lat' dir='ltr'>inquit.</span> <span class='ocrx_word' id='word_1_584' title='bbox 470 2291 593 2322; x_wconf 83' lang='lat' dir='ltr'>materia</span> <span class='ocrx_word' id='word_1_585' title='bbox 608 2289 695 2321; x_wconf 88' lang='lat' dir='ltr'>fuerit</span> <span class='ocrx_word' id='word_1_586' title='bbox 711 2298 786 2324; x_wconf 85' lang='lat' dir='ltr'>vna,</span> <span class='ocrx_word' id='word_1_587' title='bbox 807 2286 837 2319; x_wconf 73' lang='grc' dir='ltr'>ὅ(</span> <span class='ocrx_word' id='word_1_588' title='bbox 854 2296 997 2328; x_wconf 79' lang='lat' dir='ltr'>generatis</span> <span class='ocrx_word' id='word_1_589' title='bbox 1011 2293 1103 2315; x_wconf 93' lang='lat' dir='ltr'>vnum</span> <span class='ocrx_word' id='word_1_590' title='bbox 1114 2306 1125 2321; x_wconf 91' lang='lat'><strong>‚</strong></span> <span class='ocrx_word' id='word_1_591' title='bbox 1142 2288 1172 2315; x_wconf 73' lang='grc' dir='ltr'>δε</span> <span class='ocrx_word' id='word_1_592' title='bbox 1186 2283 1321 2325; x_wconf 89' lang='lat' dir='ltr'>potentia</span> <span class='ocrx_word' id='word_1_593' title='bbox 1336 2293 1407 2322; x_wconf 82' lang='lat' dir='ltr'>vna,</span> <span class='ocrx_word' id='word_1_594' title='bbox 1423 2292 1492 2314; x_wconf 89' lang='lat' dir='ltr'>tunc</span> <span class='ocrx_word' id='word_1_595' title='bbox 1506 2281 1578 2314; x_wconf 91' lang='lat' dir='ltr'>illud</span> <span class='ocrx_word' id='word_1_596' title='bbox 1594 2281 1680 2325; x_wconf 86' lang='lat' dir='ltr'>quod</span> <span class='ocrx_word' id='word_1_597' title='bbox 1698 2281 1731 2315; x_wconf 88' lang='lat' dir='ltr'>fit</span> <span class='ocrx_word' id='word_1_598' title='bbox 1745 2283 1801 2314; x_wconf 91' lang='lat' dir='ltr'>etit</span> 
     </span>
     <span class='ocr_line' id='line_1_48' title="bbox 336 2327 1802 2374; baseline -0.005 -8"><span class='ocrx_word' id='word_1_599' title='bbox 336 2347 430 2369; x_wconf 87' lang='lat' dir='ltr'>vnum</span> <span class='ocrx_word' id='word_1_600' title='bbox 448 2350 458 2374; x_wconf 86' lang='lat'>;</span> <span class='ocrx_word' id='word_1_601' title='bbox 476 2334 635 2367; x_wconf 73' lang='lat' dir='ltr'>subicstum</span> <span class='ocrx_word' id='word_1_602' title='bbox 645 2334 725 2364; x_wconf 87' lang='lat' dir='ltr'>enim</span> <span class='ocrx_word' id='word_1_603' title='bbox 735 2331 804 2363; x_wconf 76' lang='lat' dir='ltr'>cum</span> <span class='ocrx_word' id='word_1_604' title='bbox 820 2330 907 2363; x_wconf 85' lang='lat' dir='ltr'>fuerit</span> <span class='ocrx_word' id='word_1_605' title='bbox 924 2340 1031 2365; x_wconf 80' lang='lat' dir='ltr'>vnum,</span> <span class='ocrx_word' id='word_1_606' title='bbox 1046 2329 1076 2363; x_wconf 85' lang='lat'>&amp;</span> <span class='ocrx_word' id='word_1_607' title='bbox 1092 2328 1225 2370; x_wconf 81' lang='lat' dir='ltr'>potentia</span> <span class='ocrx_word' id='word_1_608' title='bbox 1240 2327 1364 2358; x_wconf 83' lang='lat' dir='ltr'>existens</span> <span class='ocrx_word' id='word_1_609' title='bbox 1378 2328 1407 2359; x_wconf 92' lang='lat' dir='ltr'>in</span> <span class='ocrx_word' id='word_1_610' title='bbox 1423 2337 1460 2359; x_wconf 91' lang='lat' dir='ltr'>eo</span> <span class='ocrx_word' id='word_1_611' title='bbox 1476 2327 1562 2360; x_wconf 83' lang='lat' dir='ltr'>fuerit</span> <span class='ocrx_word' id='word_1_612' title='bbox 1579 2339 1649 2365; x_wconf 81' lang='lat' dir='ltr'>vna,</span> <span class='ocrx_word' id='word_1_613' title='bbox 1665 2328 1695 2361; x_wconf 73' lang='grc' dir='ltr'>ὅ(</span> <span class='ocrx_word' id='word_1_614' title='bbox 1710 2337 1802 2371; x_wconf 80' lang='lat' dir='ltr'>agens</span> 
     </span>
     <span class='ocr_line' id='line_1_49' title="bbox 336 2371 1804 2415; baseline -0.007 -2"><span class='ocrx_word' id='word_1_615' title='bbox 336 2392 429 2412; x_wconf 89' lang='lat' dir='ltr'>vnum</span> <span class='ocrx_word' id='word_1_616' title='bbox 443 2404 450 2413; x_wconf 66' lang='grc'>,</span> <span class='ocrx_word' id='word_1_617' title='bbox 474 2391 544 2412; x_wconf 92' lang='lat' dir='ltr'>tunc</span> <span class='ocrx_word' id='word_1_618' title='bbox 562 2379 640 2411; x_wconf 87' lang='lat' dir='ltr'>nulia</span> <span class='ocrx_word' id='word_1_619' title='bbox 653 2379 707 2410; x_wconf 91' lang='lat' dir='ltr'>etit</span> <span class='ocrx_word' id='word_1_620' title='bbox 724 2376 806 2410; x_wconf 83' lang='lat' dir='ltr'>causa</span> <span class='ocrx_word' id='word_1_621' title='bbox 821 2375 1028 2407; x_wconf 84' lang='lat' dir='ltr'>multitudinis.</span> <span class='ocrx_word' id='word_1_622' title='bbox 1051 2371 1168 2407; x_wconf 74' lang='lat' dir='ltr'>Verum</span> <span class='ocrx_word' id='word_1_623' title='bbox 1189 2382 1295 2404; x_wconf 90' lang='lat' dir='ltr'>contra</span> <span class='ocrx_word' id='word_1_624' title='bbox 1318 2374 1385 2404; x_wconf 85' lang='lat' dir='ltr'>istos</span> <span class='ocrx_word' id='word_1_625' title='bbox 1401 2371 1600 2414; x_wconf 79' lang='lat' dir='ltr'>Philosophos</span> <span class='ocrx_word' id='word_1_626' title='bbox 1613 2372 1707 2414; x_wconf 81' lang='lat' dir='ltr'>potest</span> <span class='ocrx_word' id='word_1_627' title='bbox 1721 2374 1804 2415; x_wconf 82' lang='lat' dir='ltr'>prin·</span> 
     </span>
     <span class='ocr_line' id='line_1_50' title="bbox 337 2416 1839 2469; baseline -0.008 -10"><span class='ocrx_word' id='word_1_628' title='bbox 337 2426 438 2469; x_wconf 80' lang='lat' dir='ltr'>cipalis</span> <span class='ocrx_word' id='word_1_629' title='bbox 452 2425 584 2456; x_wconf 68' lang='lat' dir='ltr'>obiectio</span> <span class='ocrx_word' id='word_1_630' title='bbox 599 2423 636 2456; x_wconf 84' lang='lat' dir='ltr'>fic</span> <span class='ocrx_word' id='word_1_631' title='bbox 655 2423 764 2459; x_wconf 85' lang='lat' dir='ltr'>reduci,</span> <span class='ocrx_word' id='word_1_632' title='bbox 778 2422 809 2454; x_wconf 87' lang='lat' dir='ltr'>Si</span> <span class='ocrx_word' id='word_1_633' title='bbox 827 2422 1005 2453; x_wconf 78' lang='lat' dir='ltr'>A.affluum</span> <span class='ocrx_word' id='word_1_634' title='bbox 1021 2429 1089 2462; x_wconf 81' lang='lat' dir='ltr'>agat</span> <span class='ocrx_word' id='word_1_635' title='bbox 1104 2428 1166 2450; x_wconf 80' lang='lat' dir='ltr'>cras</span> <span class='ocrx_word' id='word_1_636' title='bbox 1181 2417 1211 2449; x_wconf 87' lang='lat' dir='ltr'>in</span> <span class='ocrx_word' id='word_1_637' title='bbox 1226 2418 1259 2449; x_wconf 89' lang='lat' dir='ltr'>B.</span> <span class='ocrx_word' id='word_1_638' title='bbox 1270 2416 1433 2460; x_wconf 74' lang='lat' dir='ltr'>pasSiuum,</span> <span class='ocrx_word' id='word_1_639' title='bbox 1449 2416 1563 2450; x_wconf 86' lang='lat' dir='ltr'>habens</span> <span class='ocrx_word' id='word_1_640' title='bbox 1574 2418 1616 2450; x_wconf 87' lang='lat' dir='ltr'>C.</span> <span class='ocrx_word' id='word_1_641' title='bbox 1634 2419 1800 2461; x_wconf 82' lang='lat' dir='ltr'>potentiam</span> <span class='ocrx_word' id='word_1_642' title='bbox 1817 2422 1839 2453; x_wconf 84' lang='grc' dir='ltr'>Ε</span> 
     </span>
     <span class='ocr_line' id='line_1_51' title="bbox 337 2461 1803 2511; baseline -0.008 -7"><span class='ocrx_word' id='word_1_643' title='bbox 337 2472 373 2505; x_wconf 87' lang='lat' dir='ltr'>ad</span> <span class='ocrx_word' id='word_1_644' title='bbox 391 2472 432 2502; x_wconf 89' lang='lat' dir='ltr'>D.</span> <span class='ocrx_word' id='word_1_645' title='bbox 448 2471 588 2502; x_wconf 69' lang='lat' dir='ltr'>effestum</span> <span class='ocrx_word' id='word_1_646' title='bbox 600 2493 610 2507; x_wconf 75' lang='grc'><em>,</em></span> <span class='ocrx_word' id='word_1_647' title='bbox 633 2479 694 2500; x_wconf 81' lang='lat' dir='ltr'>cras</span> <span class='ocrx_word' id='word_1_648' title='bbox 709 2466 851 2511; x_wconf 89' lang='lat' dir='ltr'>producet</span> <span class='ocrx_word' id='word_1_649' title='bbox 869 2467 909 2498; x_wconf 87' lang='lat' dir='ltr'>D.</span> <span class='ocrx_word' id='word_1_650' title='bbox 930 2477 938 2499; x_wconf 65' lang='grc' dir='ltr'><strong>ς</strong></span> <span class='ocrx_word' id='word_1_651' title='bbox 954 2473 1143 2509; x_wconf 87' lang='lat' dir='ltr'>ponaturque</span> <span class='ocrx_word' id='word_1_652' title='bbox 1161 2461 1246 2506; x_wconf 76' lang='lat' dir='ltr'>quod</span> <span class='ocrx_word' id='word_1_653' title='bbox 1263 2463 1345 2495; x_wconf 87' lang='lat' dir='ltr'>Deus</span> <span class='ocrx_word' id='word_1_654' title='bbox 1363 2461 1399 2494; x_wconf 87' lang='lat' dir='ltr'>de</span> <span class='ocrx_word' id='word_1_655' title='bbox 1412 2465 1632 2507; x_wconf 87' lang='lat' dir='ltr'>omnipotentia</span> <span class='ocrx_word' id='word_1_656' title='bbox 1649 2464 1697 2495; x_wconf 79' lang='lat' dir='ltr'>sua</span> <span class='ocrx_word' id='word_1_657' title='bbox 1711 2461 1803 2494; x_wconf 87' lang='lat' dir='ltr'>hodie</span> 
     </span>
     <span class='ocr_line' id='line_1_52' title="bbox 339 2506 1803 2551; baseline -0.007 -3"><span class='ocrx_word' id='word_1_658' title='bbox 339 2527 413 2548; x_wconf 84' lang='lat' dir='ltr'>creet</span> <span class='ocrx_word' id='word_1_659' title='bbox 430 2518 468 2548; x_wconf 89' lang='lat' dir='ltr'>D.</span> <span class='ocrx_word' id='word_1_660' title='bbox 488 2515 558 2547; x_wconf 81' lang='grc'><strong>1111111</strong></span> <span class='ocrx_word' id='word_1_661' title='bbox 578 2513 723 2545; x_wconf 88' lang='lat' dir='ltr'>mutando</span> <span class='ocrx_word' id='word_1_662' title='bbox 739 2523 813 2544; x_wconf 81' lang='lat' dir='ltr'>circa</span> <span class='ocrx_word' id='word_1_663' title='bbox 829 2512 869 2544; x_wconf 86' lang='lat' dir='ltr'>A.</span> <span class='ocrx_word' id='word_1_664' title='bbox 881 2512 975 2543; x_wconf 89' lang='lat' dir='ltr'>B.nec</span> <span class='ocrx_word' id='word_1_665' title='bbox 985 2511 1027 2542; x_wconf 80' lang='lat' dir='ltr'>C.</span> <span class='ocrx_word' id='word_1_666' title='bbox 1042 2520 1051 2543; x_wconf 82' lang='lat'>;</span> <span class='ocrx_word' id='word_1_667' title='bbox 1067 2508 1114 2540; x_wconf 89' lang='lat' dir='ltr'>vel</span> <span class='ocrx_word' id='word_1_668' title='bbox 1130 2506 1149 2540; x_wconf 90' lang='lat' dir='ltr'>si</span> <span class='ocrx_word' id='word_1_669' title='bbox 1164 2507 1325 2540; x_wconf 68' lang='lat' dir='ltr'>necessan&amp;</span> <span class='ocrx_word' id='word_1_670' title='bbox 1340 2506 1475 2551; x_wconf 82' lang='lat' dir='ltr'>sequatur</span> <span class='ocrx_word' id='word_1_671' title='bbox 1489 2510 1632 2545; x_wconf 90' lang='lat' dir='ltr'>mutatio,</span> <span class='ocrx_word' id='word_1_672' title='bbox 1658 2518 1803 2550; x_wconf 82' lang='lat' dir='ltr'>corrupto</span> 
     </span>
     <span class='ocr_line' id='line_1_53' title="bbox 338 2552 1804 2600; baseline -0.005 -8"><span class='ocrx_word' id='word_1_673' title='bbox 338 2572 426 2595; x_wconf 74' lang='lat' dir='ltr'>ctiam</span> <span class='ocrx_word' id='word_1_674' title='bbox 445 2562 486 2592; x_wconf 89' lang='lat' dir='ltr'>D.</span> <span class='ocrx_word' id='word_1_675' title='bbox 504 2560 596 2591; x_wconf 82' lang='lat' dir='ltr'>hodie</span> <span class='ocrx_word' id='word_1_676' title='bbox 611 2560 728 2591; x_wconf 75' lang='lat' dir='ltr'>reducat</span> <span class='ocrx_word' id='word_1_677' title='bbox 740 2557 822 2589; x_wconf 87' lang='lat' dir='ltr'>Deus</span> <span class='ocrx_word' id='word_1_678' title='bbox 840 2566 1039 2600; x_wconf 86' lang='lat' dir='ltr'>omnipotens</span> <span class='ocrx_word' id='word_1_679' title='bbox 1048 2554 1088 2586; x_wconf 77' lang='lat' dir='ltr'>A.</span> <span class='ocrx_word' id='word_1_680' title='bbox 1106 2554 1139 2585; x_wconf 92' lang='grc' dir='ltr'>Β.</span> <span class='ocrx_word' id='word_1_681' title='bbox 1151 2554 1181 2587; x_wconf 74' lang='grc' dir='ltr'>ὃ(</span> <span class='ocrx_word' id='word_1_682' title='bbox 1197 2553 1235 2586; x_wconf 92' lang='lat' dir='ltr'>C.</span> <span class='ocrx_word' id='word_1_683' title='bbox 1255 2553 1292 2586; x_wconf 89' lang='lat' dir='ltr'>ad</span> <span class='ocrx_word' id='word_1_684' title='bbox 1302 2554 1404 2586; x_wconf 86' lang='lat' dir='ltr'>statum</span> <span class='ocrx_word' id='word_1_685' title='bbox 1422 2555 1551 2597; x_wconf 87' lang='lat' dir='ltr'>priorem</span> <span class='ocrx_word' id='word_1_686' title='bbox 1566 2552 1694 2586; x_wconf 76' lang='lat' dir='ltr'>omnino</span> <span class='ocrx_word' id='word_1_687' title='bbox 1708 2564 1717 2587; x_wconf 81' lang='lat'>3</span> <span class='ocrx_word' id='word_1_688' title='bbox 1732 2563 1804 2584; x_wconf 89' lang='lat' dir='ltr'>tunc</span> 
     </span>
     <span class='ocr_line' id='line_1_54' title="bbox 339 2598 1805 2644; baseline -0.005 -8"><span class='ocrx_word' id='word_1_689' title='bbox 339 2608 378 2637; x_wconf 86' lang='grc' dir='ltr'>Α.</span> <span class='ocrx_word' id='word_1_690' title='bbox 394 2618 456 2638; x_wconf 76' lang='lat' dir='ltr'>ctas</span> <span class='ocrx_word' id='word_1_691' title='bbox 470 2617 505 2638; x_wconf 86' lang='lat' dir='ltr'>ex</span> <span class='ocrx_word' id='word_1_692' title='bbox 521 2607 554 2637; x_wconf 87' lang='lat' dir='ltr'>B.</span> <span class='ocrx_word' id='word_1_693' title='bbox 570 2606 599 2638; x_wconf 72' lang='grc' dir='ltr'>ἂ</span> <span class='ocrx_word' id='word_1_694' title='bbox 616 2605 656 2636; x_wconf 89' lang='lat' dir='ltr'>C.</span> <span class='ocrx_word' id='word_1_695' title='bbox 672 2605 756 2636; x_wconf 68' lang='lat' dir='ltr'>faciet</span> <span class='ocrx_word' id='word_1_696' title='bbox 778 2605 813 2635; x_wconf 65' lang='lat' dir='ltr'>D⁴</span> <span class='ocrx_word' id='word_1_697' title='bbox 832 2611 1012 2644; x_wconf 78' lang='lat' dir='ltr'>praeteritum</span> <span class='ocrx_word' id='word_1_698' title='bbox 1034 2600 1064 2632; x_wconf 74' lang='grc' dir='ltr'>ὅ(</span> <span class='ocrx_word' id='word_1_699' title='bbox 1085 2609 1268 2641; x_wconf 86' lang='lat' dir='ltr'>corruptum.</span> <span class='ocrx_word' id='word_1_700' title='bbox 1296 2598 1389 2630; x_wconf 87' lang='lat' dir='ltr'>Simili</span> <span class='ocrx_word' id='word_1_701' title='bbox 1405 2609 1526 2642; x_wconf 88' lang='lat' dir='ltr'>quoque</span> <span class='ocrx_word' id='word_1_702' title='bbox 1539 2598 1634 2631; x_wconf 89' lang='lat' dir='ltr'>modo</span> <span class='ocrx_word' id='word_1_703' title='bbox 1657 2599 1754 2641; x_wconf 90' lang='lat' dir='ltr'>potest</span> <span class='ocrx_word' id='word_1_704' title='bbox 1769 2608 1805 2629; x_wconf 86' lang='lat'>0-</span> 
     </span>
     <span class='ocr_line' id='line_1_55' title="bbox 340 2641 1805 2693; baseline -0.006 -10"><span class='ocrx_word' id='word_1_705' title='bbox 340 2652 453 2688; x_wconf 78' lang='lat' dir='ltr'>ssendi,</span> <span class='ocrx_word' id='word_1_706' title='bbox 477 2650 561 2693; x_wconf 77' lang='lat' dir='ltr'>quod</span> <span class='ocrx_word' id='word_1_707' title='bbox 588 2649 742 2682; x_wconf 81' lang='lat' dir='ltr'>hominem</span> <span class='ocrx_word' id='word_1_708' title='bbox 761 2647 930 2680; x_wconf 79' lang='lat' dir='ltr'>naturaliter</span> <span class='ocrx_word' id='word_1_709' title='bbox 947 2644 1149 2689; x_wconf 88' lang='lat' dir='ltr'>generandum</span> <span class='ocrx_word' id='word_1_710' title='bbox 1167 2643 1263 2675; x_wconf 90' lang='lat' dir='ltr'>modo</span> <span class='ocrx_word' id='word_1_711' title='bbox 1278 2641 1426 2686; x_wconf 83' lang='lat' dir='ltr'>praemilso</span> <span class='ocrx_word' id='word_1_712' title='bbox 1438 2667 1447 2680; x_wconf 89' lang='lat'>,</span> <span class='ocrx_word' id='word_1_713' title='bbox 1470 2644 1543 2676; x_wconf 90' lang='lat' dir='ltr'>olim</span> <span class='ocrx_word' id='word_1_714' title='bbox 1560 2644 1671 2677; x_wconf 68' lang='lat' dir='ltr'>factum</span> <span class='ocrx_word' id='word_1_715' title='bbox 1687 2644 1703 2675; x_wconf 71' lang='grc' dir='ltr'>Ξι</span> <span class='ocrx_word' id='word_1_716' title='bbox 1721 2643 1805 2680; x_wconf 83' lang='lat' dir='ltr'>Deo,</span> 
     </span>
     <span class='ocr_line' id='line_1_56' title="bbox 340 2689 1805 2739; baseline -0.006 -12"><span class='ocrx_word' id='word_1_717' title='bbox 340 2696 571 2739; x_wconf 56' lang='lat' dir='ltr'>deuirginatum,</span> <span class='ocrx_word' id='word_1_718' title='bbox 589 2705 739 2727; x_wconf 87' lang='lat' dir='ltr'>mortuum</span> <span class='ocrx_word' id='word_1_719' title='bbox 755 2694 785 2726; x_wconf 74' lang='grc' dir='ltr'>ὅ(</span> <span class='ocrx_word' id='word_1_720' title='bbox 804 2690 948 2735; x_wconf 76' lang='lat' dir='ltr'>stpultum</span> <span class='ocrx_word' id='word_1_721' title='bbox 965 2690 1058 2734; x_wconf 78' lang='lat' dir='ltr'>potest</span> <span class='ocrx_word' id='word_1_722' title='bbox 1074 2692 1117 2722; x_wconf 81' lang='lat' dir='ltr'>vir</span> <span class='ocrx_word' id='word_1_723' title='bbox 1133 2690 1251 2721; x_wconf 84' lang='lat' dir='ltr'>nouiter</span> <span class='ocrx_word' id='word_1_724' title='bbox 1270 2699 1428 2731; x_wconf 82' lang='lat' dir='ltr'>generare,</span> <span class='ocrx_word' id='word_1_725' title='bbox 1453 2689 1482 2723; x_wconf 72' lang='grc' dir='ltr'>ἃ</span> <span class='ocrx_word' id='word_1_726' title='bbox 1504 2689 1610 2721; x_wconf 85' lang='lat' dir='ltr'>mulier</span> <span class='ocrx_word' id='word_1_727' title='bbox 1632 2699 1751 2731; x_wconf 87' lang='lat' dir='ltr'>parere,</span> <span class='ocrx_word' id='word_1_728' title='bbox 1774 2691 1805 2718; x_wconf 78' lang='grc' dir='ltr'>δι</span> 
     </span>
     <span class='ocr_line' id='line_1_57' title="bbox 342 2733 1806 2782; baseline -0.005 -11"><span class='ocrx_word' id='word_1_729' title='bbox 342 2752 443 2782; x_wconf 82' lang='lat' dir='ltr'>parere</span> <span class='ocrx_word' id='word_1_730' title='bbox 466 2752 533 2772; x_wconf 79' lang='lat' dir='ltr'>eum</span> <span class='ocrx_word' id='word_1_731' title='bbox 551 2742 695 2781; x_wconf 70' lang='lat' dir='ltr'>virginem</span> <span class='ocrx_word' id='word_1_732' title='bbox 718 2752 729 2776; x_wconf 72' lang='lat'>3</span> <span class='ocrx_word' id='word_1_733' title='bbox 752 2747 850 2770; x_wconf 89' lang='lat' dir='ltr'>omnis</span> <span class='ocrx_word' id='word_1_734' title='bbox 874 2739 953 2769; x_wconf 86' lang='lat' dir='ltr'>enim</span> <span class='ocrx_word' id='word_1_735' title='bbox 971 2746 1072 2780; x_wconf 81' lang='lat' dir='ltr'>partus</span> <span class='ocrx_word' id='word_1_736' title='bbox 1087 2733 1248 2766; x_wconf 70' lang='lat' dir='ltr'>neceffari&amp;</span> <span class='ocrx_word' id='word_1_737' title='bbox 1272 2736 1332 2765; x_wconf 88' lang='lat' dir='ltr'>exit</span> <span class='ocrx_word' id='word_1_738' title='bbox 1356 2736 1443 2777; x_wconf 81' lang='lat' dir='ltr'>virgo</span> <span class='ocrx_word' id='word_1_739' title='bbox 1467 2747 1477 2772; x_wconf 64' lang='grc' dir='ltr'><strong>ς</strong></span> <span class='ocrx_word' id='word_1_740' title='bbox 1498 2733 1592 2778; x_wconf 82' lang='lat' dir='ltr'>potest</span> <span class='ocrx_word' id='word_1_741' title='bbox 1614 2734 1704 2777; x_wconf 85' lang='lat' dir='ltr'>igitur</span> <span class='ocrx_word' id='word_1_742' title='bbox 1723 2733 1806 2765; x_wconf 81' lang='lat' dir='ltr'>causa</span> 
     </span>
     <span class='ocr_line' id='line_1_58' title="bbox 340 2776 1806 2824; baseline -0.006 -7"><span class='ocrx_word' id='word_1_743' title='bbox 340 2787 465 2818; x_wconf 77' lang='lat' dir='ltr'>secunda</span> <span class='ocrx_word' id='word_1_744' title='bbox 487 2785 584 2817; x_wconf 83' lang='lat' dir='ltr'>facere</span> <span class='ocrx_word' id='word_1_745' title='bbox 600 2785 780 2824; x_wconf 63' lang='lat' dir='ltr'>praestitum</span> <span class='ocrx_word' id='word_1_746' title='bbox 798 2782 827 2815; x_wconf 77' lang='grc' dir='ltr'>ὅ(</span> <span class='ocrx_word' id='word_1_747' title='bbox 846 2792 1021 2824; x_wconf 84' lang='lat' dir='ltr'>corruptum</span> <span class='ocrx_word' id='word_1_748' title='bbox 1039 2778 1253 2823; x_wconf 79' lang='lat' dir='ltr'>praesentialitet</span> <span class='ocrx_word' id='word_1_749' title='bbox 1267 2778 1403 2815; x_wconf 78' lang='lat' dir='ltr'>existere,</span> <span class='ocrx_word' id='word_1_750' title='bbox 1429 2790 1520 2822; x_wconf 90' lang='lat' dir='ltr'>quare</span> <span class='ocrx_word' id='word_1_751' title='bbox 1535 2778 1565 2813; x_wconf 71' lang='grc' dir='ltr'>ὰ</span> <span class='ocrx_word' id='word_1_752' title='bbox 1581 2789 1641 2811; x_wconf 91' lang='lat' dir='ltr'>non</span> <span class='ocrx_word' id='word_1_753' title='bbox 1654 2776 1710 2810; x_wconf 81' lang='lat' dir='ltr'>effe</span> <span class='ocrx_word' id='word_1_754' title='bbox 1732 2788 1806 2819; x_wconf 80' lang='lat' dir='ltr'>prae·</span> 
     </span>
     <span class='ocr_line' id='line_1_59' title="bbox 341 2821 1808 2898; baseline -0.005 -36"><span class='ocrx_word' id='word_1_755' title='bbox 341 2841 470 2864; x_wconf 83' lang='lat' dir='ltr'>teritum.</span> <span class='ocrx_word' id='word_1_756' title='bbox 496 2831 686 2863; x_wconf 86' lang='lat' dir='ltr'>lntctomnes</span> <span class='ocrx_word' id='word_1_757' title='bbox 697 2839 796 2861; x_wconf 86' lang='lat' dir='ltr'>autem</span> <span class='ocrx_word' id='word_1_758' title='bbox 811 2827 970 2872; x_wconf 65' lang='lat' dir='ltr'>leiiten‚ias</span> <span class='ocrx_word' id='word_1_759' title='bbox 986 2826 1124 2859; x_wconf 77' lang='lat' dir='ltr'>recitatas</span> <span class='ocrx_word' id='word_1_760' title='bbox 1139 2824 1255 2858; x_wconf 87' lang='lat' dir='ltr'>videtur</span> <span class='ocrx_word' id='word_1_761' title='bbox 1268 2823 1344 2856; x_wconf 86' lang='lat' dir='ltr'>mihi</span> <span class='ocrx_word' id='word_1_762' title='bbox 1360 2825 1503 2858; x_wconf 66' lang='lat' dir='ltr'>sententia</span> <span class='ocrx_word' id='word_1_763' title='bbox 1519 2821 1696 2867; x_wconf 86' lang='lat' dir='ltr'>Philosophi</span> <span class='ocrx_word' id='word_1_764' title='bbox 1710 2824 1808 2898; x_wconf 74' lang='lat' dir='ltr'>msagis</span> 
     </span>
     <span class='ocr_line' id='line_1_60' title="bbox 1675 2877 1809 2901; baseline 0.007 -2"><span class='ocrx_word' id='word_1_765' title='bbox 1675 2879 1732 2899; x_wconf 67' lang='grc'><strong>(011</strong></span> <span class='ocrx_word' id='word_1_766' title='bbox 1747 2877 1809 2901; x_wconf 59' lang='lat' dir='ltr'>Ona</span> 
     </span>
    </p>
   </div>
  </div>
 </body>
</html>
