1985 3130
217 183 247 230 7
255 185 276 221 4
290 182 326 231 4
861 155 1026 206 ‘Thomae
1034 152 1317 205 Bradwardini
1691 156 1765 206 Li
1780 178 1863 222 ¹³·3·

321 270 396 291 vero
405 269 466 290 non
478 258 621 301 procedit.
647 256 731 288 Cum
742 264 824 286 enim
837 254 971 294 arguitur
978 252 1079 283 Deum
1091 248 1167 283 velle
1176 248 1441 281 creaturamlibere‘
1456 260 1542 294 agere
1551 273 1561 289 ,
1575 251 1726 285 diuersum
1735 252 1775 284 est
1791 253 1809 287 a
1827 255 1858 287 A

321 305 423 336 Deum
432 305 508 336 velle
516 312 679 336 creaturam
688 298 846 332 necessario
854 308 940 341 agere
950 309 958 331 ·‚
967 307 1038 340 ergo
1047 296 1108 328 boc
1118 293 1193 327 velle
1202 293 1298 338 potest
1306 293 1345 327 ab
1354 296 1411 326 alio
1423 294 1556 337 separari.
1575 297 1752 340 Qiomodo
1767 298 1810 331 lo-

325 361 424 391 quitur
433 349 611 381 delibertate
627 349 641 377 ?
657 347 685 378 Si
695 346 731 379 de
740 342 1023 386 libertateoppofita
1033 338 1194 373 necessitati
1208 338 1384 371 vicefimum
1400 337 1557 382 septimum
1575 343 1664 375 huius
1678 340 1811 384 ostense,

325 393 431 427 filsum
441 392 569 426 assumit.
590 394 666 425 Non
677 401 758 423 enim
767 389 829 423 vult
839 390 936 428 Deus,
953 397 1006 420 nec
1018 386 1092 418 velle
1101 385 1197 429 potest
1204 395 1370 417 creaturam
1379 382 1417 416 sic
1426 383 1619 430 iibereagere,
1627 386 1697 421 sicut
1705 388 1753 420 liic
1765 387 1811 421 su-

324 452 377 482 pra
387 440 415 472 ὀ(
425 438 464 471 ibi
475 440 528 472 fuit
538 438 702 474 ostensum,
713 434 794 467 sicuti
802 445 857 465 nec
868 434 931 466 vult
939 444 993 464 nec
1004 432 1079 464 velle
1093 432 1189 474 potest
1198 440 1364 462 creaturam
1373 429 1430 462 esse
1441 429 1477 462 sic
1485 432 1606 465 liberam
1617 458 1625 472 ,
1648 433 1731 477 quod
1746 446 1810 466 non

326 486 398 518 Deo
408 485 444 515 de
452 482 622 517 necessitate
631 481 773 517 subiecta,
781 491 830 511 aut
839 479 921 522 quod
931 478 1021 522 possit
1030 487 1115 520 :igere
1132 475 1192 507 fine
1203 486 1240 507 eo
1259 487 1267 509 ς
1283 474 1343 508 hoc
1351 478 1430 507 enim
1439 478 1812 512 contradistioneminclu-

326 530 380 564 dit.
392 529 465 561 sicut
476 529 647 562 vicesimum
657 525 819 558 secundum
830 524 964 563 secundi,
980 523 1010 556 ἃ
1020 521 1193 555 vicesimum
1204 523 1325 553 tertium
1336 523 1413 558 tertii
1424 531 1531 555 contra
1544 524 1724 566 opinionem
1734 525 1814 558 deci-

326 586 409 607 mam
420 575 575 618 septimam
584 571 757 606 ostendebat
767 584 777 609 ς
795 568 869 602 ficut
878 572 966 602 etiam
977 579 1037 600 non
1049 568 1144 610 potest
1154 566 1263 598 vellese
1271 577 1334 597 non
1343 564 1410 602 esse,
1425 578 1475 600 aut
1482 569 1582 600 Deum
1592 580 1655 602 non
1663 570 1732 606 effe,
1748 582 1812 605 non

326 622 459 664 gignere,
467 631 515 652 aut
524 622 640 662 spirate,
649 629 704 651 nec
713 627 878 649 creaturam
888 613 942 647 effe
951 612 1001 646 sibi
1010 612 1154 656 aequalem
1162 612 1406 654 omnipotentem
1416 610 1585 656 fimplicitei·
1597 638 1608 653 ,
1626 615 1657 649 ὃ(
1674 626 1813 649 creaturae

326 669 381 699 tria
390 666 446 698 esse
456 667 578 708 aequaiia
587 675 638 696 aut
646 665 786 697 pauciora
795 660 924 696 duobus,
933 661 1079 703 punctum
1090 657 1136 690 vel
1144 660 1275 690 animam
1284 655 1340 688 effe
1347 667 1473 700 corpus,
1488 658 1519 692 ἃ
1528 658 1765 695 fimiliainfinita.
1781 663 1813 695 Si

326 723 430 744 autem
440 712 582 755 loquatur
590 709 627 741 de
635 700 690 740 :flia
699 707 845 743 libertate,
853 705 994 750 opposita
1004 702 1112 736 scilicet
1122 700 1283 735 necessitati
1292 702 1534 742 naturae,fati,seu
1544 705 1692 738 violentiae
1702 706 1731 741 ὃ(
1740 718 1814 740 con-

327 756 465 790 seiitanea
475 754 634 789 necessitati
642 753 866 797 praedistaemon
876 751 979 783 obuiat
989 748 1153 784 elenchice,
1171 759 1225 780 nec
1235 749 1408 792 impugnat,
1418 747 1488 781 ficiit
1497 751 1527 782 iii
1535 748 1654 782 decimo
1664 750 1757 785 huius
1765 764 1815 797 pa.

329 813 382 835 tet.
411 802 556 834 Praeterca
565 810 632 832 cum
644 798 715 831 dicit
724 798 884 833 diuersum,
895 795 915 828 si
925 797 1068 837 loquatur
1076 794 1113 825 de
1121 792 1290 826 diuersitate
1299 792 1476 829 essentiali&
1485 795 1555 827 reali
1569 793 1674 829 falsum
1687 796 1814 833 affumit3
1829 788 1851 821 Β

329 859 398 891 qu12
410 859 472 879 non
480 847 532 884 est,
540 857 594 879 nec
602 845 659 876 effe
670 843 765 888 potest
774 844 803 876 iri
812 843 883 874 Deo
892 842 953 874 talis
966 839 1117 872 diuerfitas
1127 839 1320 871 voluntatum
1336 852 1344 872 :
1363 849 1473 872 omnes
1486 843 1566 873 enim
1577 841 1743 875 voluntates
1752 845 1815 877 eius

329 893 395 925 sunt
404 894 525 925 essentia
534 903 595 923 cius
612 900 672 921 vna
681 904 689 920 :
708 888 727 921 fi
735 899 835 921 autem
845 887 986 931 loquatur
994 885 1031 918 de
1040 883 1208 917 diuersitate
1218 884 1377 917 secundum
1387 887 1539 918 rationem
1549 893 1579 919 ει
1590 886 1718 920 modum
1727 889 1816 922 intel-

330 938 442 981 ligendi
452 938 701 973 humanummon
711 932 874 968 concludit.
898 932 1036 964 Similiter
1045 932 1155 963 etenim
1164 928 1258 973 posset
1267 928 1378 971 inferri,
1389 930 1473 974 quod
1483 932 1564 964 Deus
1573 931 1665 976 possit
1673 934 1817 978 intellige.

331 995 375 1022 re,
386 983 415 1016 &t
426 994 487 1016 non
497 982 618 1025 diligere
627 980 828 1021 semetipsum,
842 978 924 1022 quod
935 975 1026 1021 possit
1035 979 1170 1020 gignere,
1186 975 1216 1008 ὅ(
1225 986 1289 1006 non
1300 975 1406 1018 spirare
1417 999 1425 1012 ,
1449 976 1532 1018 quod
1547 977 1635 1021 poifit
1649 977 1745 1013 facere
1760 984 1815 1014 tria

334 1041 397 1061 non
409 1026 463 1061 effe
474 1029 557 1072 plura
567 1024 697 1059 duobus.
722 1025 808 1058 Nam
818 1024 955 1056 velletria
966 1019 1189 1059 effe‚diuerfi¹m
1199 1020 1237 1053 est
1248 1021 1265 1052 ὲ
1275 1021 1349 1053 velle
1360 1022 1413 1053 tria
1424 1022 1480 1053 efle
1489 1023 1571 1065 plura
1579 1022 1709 1057 duobus.
1733 1025 1815 1069 Ergo

332 1073 392 1106 hoc
401 1074 475 1106 velle
484 1073 576 1116 potest
584 1071 622 1103 ab
632 1070 691 1103 alio
701 1071 823 1114 separari
831 1074 886 1103 &a
899 1066 969 1100 sicut
977 1065 1158 1100 aduersarius
1168 1065 1298 1110 superius
1306 1065 1460 1110 arguebat.
1467 1068 1609 1101 Similiter
1617 1080 1743 1114 quoque
1751 1069 1818 1113 poll

332 1118 373 1152 set
383 1119 513 1158 ostendi,
521 1117 604 1162 quod
613 1114 752 1161 possibile
762 1115 801 1147 est
812 1116 914 1147 Deum
925 1124 990 1144 non
1000 1110 1067 1151 effe,
1078 1112 1108 1146 ὃ(
1117 1114 1263 1155 praeterita
1272 1124 1336 1144 non
1348 1112 1441 1152 iuiffe,
1449 1115 1663 1158 praesentiaqiie
1672 1126 1736 1147 non
1746 1115 1819 1158 effe,

333 1164 420 1208 qnod
430 1175 518 1209 negat
527 1175 536 1198 ;
546 1164 693 1207 quoniam
704 1163 804 1193 Deum
814 1160 888 1192 velie
896 1161 922 1191 sc
930 1158 1021 1191 libere
1030 1157 1096 1195 effe,
1112 1156 1261 1189 diuersum
1271 1159 1310 1190 est
1319 1158 1336 1189 ὲ
1345 1159 1446 1190 Deum
1456 1159 1532 1191 velle
1540 1159 1566 1191 se
1574 1158 1734 1194 neceffatio
1745 1164 1818 1203 esse;

332 1222 408 1243 ereo
418 1210 476 1244 &a
489 1208 559 1242 sicut
569 1206 770 1251 falsigraphus
780 1205 923 1249 arguebat
935 1204 988 1236 :de
999 1204 1148 1247 praeteritis
1158 1213 1246 1236 etiam
1256 1203 1287 1237 ὃ(
1295 1203 1331 1235 de
1339 1202 1532 1247 praesentibus
1540 1216 1618 1248 patet
1626 1205 1719 1240 idem.
1727 1209 1819 1240 Simi-

334 1238 461 1299 liissrque
472 1254 622 1299 probabo,
630 1252 713 1297 quod
723 1251 863 1296 possibile
873 1252 912 1282 est
922 1252 1068 1292 punftum
1076 1247 1123 1281 seu
1132 1250 1264 1281 animam
1271 1247 1327 1281 esse
1336 1260 1458 1292 corpus,
1466 1253 1495 1284 &
1505 1249 1668 1294 fimplicem
1677 1256 1819 1286 viritatem

333 1312 495 1334 numerum
505 1309 729 1343 quemcunque,
738 1300 884 1340 quoniam
895 1297 996 1328 Deum
1006 1294 1080 1327 velle
1088 1295 1249 1338 punstum,
1266 1296 1394 1328 animam
1406 1317 1415 1332 ,
1437 1294 1484 1326 vel
1500 1293 1659 1339 simplicem
1675 1309 1817 1332 vnitatem

334 1348 391 1380 csse
401 1356 581 1385 corpus,aut
591 1354 766 1381 numerum,
775 1342 923 1375 diuersum
933 1340 972 1372 est
982 1340 998 1371 ἠ
1007 1342 1107 1373 Deum
1116 1339 1191 1372 velle
1201 1338 1278 1379 haec,
1287 1340 1334 1372 illa
1344 1352 1407 1373 non
1419 1339 1487 1376 effe,
1497 1346 1633 1383 etg0&c.
1643 1342 1714 1377 ficut
1722 1347 1818 1387 arguit
1830 1344 1859 1377 C

334 1391 542 1425 contradistoi-
568 1390 686 1420 Vltima
694 1388 768 1421 vero
777 1390 890 1431 argutia
900 1397 936 1418 ex
952 1386 1122 1428 ignorantia
1131 1384 1265 1424 elenchi,
1281 1386 1360 1419 velut
1371 1397 1448 1419 caeca
1459 1385 1574 1424 delirat,
1589 1388 1687 1421 deuiat
1695 1391 1725 1424 ὅ(
1733 1390 1820 1422 aber-

334 1449 391 1471 rat.
418 1437 493 1469 Non
505 1438 585 1469 enim
595 1433 756 1467 secundum
766 1434 848 1466 idem
859 1442 967 1476 arguit,
975 1443 1029 1464 iiec
1037 1430 1073 1464 ad
1081 1431 1174 1470 idem,
1185 1431 1232 1464 vel
1241 1430 1261 1463 si
1270 1430 1308 1464 fic
1315 1433 1423 1476 arguit,
1430 1431 1516 1465 sumit
1524 1431 1644 1472 falsum,
1653 1434 1767 1469 ficuteii
1776 1436 1818 1470 su-

334 1481 506 1529 perietibus
514 1482 590 1515 clare
607 1490 698 1524 patet.

876 1619 926 1669 C
947 1620 996 1670 A
1018 1619 1064 1670 P.
1117 1617 1294 1668 XXX.

412 1732 589 1802 eArguz't
603 1752 687 1781 eam
686 1735 811 1797 super
817 1728 986 1795 falfitzzte
1000 1728 1206 1798 [ypothtfis
1217 1745 1288 1796 per
1305 1730 1611 1797 viamsttmpmm
1620 1729 1644 1778 a?
1653 1735 1818 1797 necessiae

475 1818 555 1852 tate
567 1817 625 1858 (φ
636 1800 813 1850 libertate
819 1799 1032 1848 voluntatis
1039 1798 1194 1859 diuinae,
1205 1819 1288 1868 quae
1285 1802 1445 1868 semper
1451 1798 1654 1868 neceffirzd
1665 1803 1822 1869 imffor..

477 1876 548 1920 mia
555 1884 758 1940 permanet
772 1880 830 1924 (9-
842 1868 1012 1937 aeqtcalis.
1833 1894 1865 1930 D

549 1998 553 2013 i
592 2011 627 2026 s..
649 1995 661 1997 ‘⁷
716 1982 875 2017 Eetificaio
886 1981 1025 2026 fiquidcm
1037 1984 1134 2026 primo
1144 1994 1241 2017 errore
1252 2008 1260 2021 .
1275 1982 1382 2017 scilicet
1397 1982 1435 2016 de
1444 1982 1647 2019 insufficientia
1656 1984 1822 2029 responfio-

535 2044 537 2051 i
592 2038 603 2042 ⁴
630 2022 647 2060 ζ
717 2032 763 2062 nis
772 2028 914 2061 26.huius
925 2027 1088 2070 praemissae,
1099 2030 1274 2062 nuncrestat
1283 2028 1559 2063 iimiliterfaccrede
1568 2030 1769 2074 secundo.qui
1781 2031 1823 2064 est

661 2078 663 2083 ’
716 2086 750 2108 ex
761 2085 822 2106 non
833 2073 1012 2106 subsistentia
1028 2073 1204 2118 hypothcfis
1219 2085 1307 2119 quam
1318 2073 1471 2119 supponit.
1497 2077 1653 2120 Supponit
1669 2078 1749 2110 enim
1765 2077 1824 2119 hy-

600 2137 606 2147 s
662 2132 664 2134 ¹
715 2118 908 2163 pothesisista
916 2119 1039 2163 septem.
1062 2119 1300 2163 primumquod
1310 2120 1382 2152 illud
1391 2119 1473 2164 quod
1482 2121 1606 2154 nuncest
1618 2121 1825 2165 futurumpo-

718 2167 770 2197 test
780 2164 974 2209 possibilitate
983 2162 1186 2198 necessitatem
1200 2165 1412 2198 omnimodam
1430 2166 1608 2199 excludente
1623 2178 1704 2199 nunc
1720 2168 1750 2200 ὅ(
1766 2179 1824 2211 pto

717 2222 796 2242 nunc
804 2221 866 2243 non
875 2209 931 2241 effe
946 2211 1089 2242 futurum.
1113 2210 1296 2248 Secundum,
1309 2210 1394 2254 quod
1405 2210 1478 2244 illud
1487 2212 1571 2256 quod
1587 2215 1702 2256 semper
1716 2211 1827 2246 suitfu-

655 2272 667 2281 s
718 2265 829 2294 turum,
840 2255 925 2288 simili
936 2255 1034 2288 modo
1042 2258 1138 2299 potest
1149 2267 1307 2301 nunquam
1319 2254 1401 2289 fuisse
1408 2256 1552 2291 futurum.
1571 2258 1726 2294 Tertium,
1738 2259 1825 2302 quod

641 2300 648 2304 “
666 2318 677 2320 -
717 2300 790 2333 illud
798 2300 885 2343 quod
894 2311 974 2333 nunc
984 2312 1044 2334 non
1055 2301 1094 2333 est
1105 2303 1219 2338 futuru,
1236 2303 1331 2346 potest
1341 2300 1557 2335 fimiliternuuc
1565 2309 1595 2336 Sc
1611 2314 1668 2347 pro
1679 2315 1760 2336 nunc
1770 2303 1828 2337 effe

344 2345 489 2376 futurum.
511 2342 816 2387 Qartfi,quodillud
826 2346 910 2390 quod
918 2348 1043 2391 nunqua
1052 2346 1266 2384 fuirfururum,
1284 2348 1378 2390 potest
1387 2346 1518 2380 similiter
1535 2347 1649 2393 semper
1657 2348 1739 2381 fuiffe
1748 2349 1828 2382 futu-

344 2400 420 2421 rum.
444 2390 608 2433 Qrinum,
618 2389 703 2432 quod
712 2391 758 2425 his
769 2403 953 2435 nequaquam
961 2392 1160 2432 obstantibus,
1175 2395 1283 2426 Omne
1293 2392 1378 2437 quod
1388 2404 1466 2425 nunc
1484 2393 1522 2424 est
1533 2418 1543 2433 ‚
1563 2395 1676 2427 necesse
1690 2394 1729 2427 est
1745 2407 1827 2429 nunc

344 2434 410 2467 esse.
438 2435 667 2479 Sextum,quod
677 2436 861 2480 omnequod
870 2436 1054 2474 fuit,neceffc
1064 2438 1101 2469 est
1112 2436 1204 2472 fuisse·
1231 2439 1416 2481 Septimum,
1426 2437 1510 2481 quod
1526 2450 1619 2472 omne
1626 2439 1708 2482 quod
1727 2440 1765 2473 est
1775 2453 1826 2475 aut
1839 2439 1862 2472 E

346 2479 412 2515 fuit,
422 2477 533 2512 neccsse
541 2481 581 2513 est
591 2482 707 2524 semper
715 2479 871 2514 antefuisse
880 2481 1024 2515 futurum.
1044 2483 1081 2515 Et
1089 2482 1125 2517 de
1135 2483 1270 2527 praescitis
1278 2485 1306 2517 ὅ(
1318 2484 1417 2515 scitii-‚32
1427 2485 1511 2523 Deo,
1520 2485 1828 2529 eiusquepraescientia

346 2535 438 2567 atque
449 2524 567 2558 scientia
574 2526 840 2568 correspondenter
849 2530 990 2561 omnino,
1001 2526 1105 2561 similia
1114 2531 1225 2572 septem
1235 2530 1334 2573 ponit.
1363 2528 1447 2561 Huic
1458 2540 1557 2562 autem
1569 2533 1660 2563 errori
1675 2532 1715 2564 est
1730 2532 1829 2574 dupli-

346 2571 419 2601 citer
428 2569 629 2603 obuiandum.
655 2570 773 2612 Primo,
781 2584 834 2616 pei·
843 2574 921 2605 viam
932 2575 1060 2605 sumtam
1072 2572 1109 2604 ab
1118 2575 1235 2607 actione
1243 2576 1299 2607 Dei
1309 2575 1467 2606 intrinseca
1483 2588 1494 2613 3
1510 2575 1640 2608 secundo
1649 2599 1661 2615 ,
1687 2587 1738 2618 pet
1747 2579 1828 2610 viam

349 2616 479 2646 sumtam
497 2616 536 2648 ab
552 2618 670 2650 actione
686 2619 749 2650 cius
765 2616 937 2652 extrinseca.
982 2619 1081 2652 Prima
1107 2630 1208 2651 autem
1225 2622 1273 2651 via
1289 2618 1473 2652 methodum
1489 2619 1591 2652 binam
1607 2621 1695 2655 habet
1706 2646 1714 2658 ‚
1735 2633 1829 2655 vnam

349 2669 384 2691 ex
407 2658 562 2694 voluntate
586 2662 634 2693 seu
654 2664 814 2695 volutione
831 2663 933 2695 diuina
947 2687 958 2702 ‚
985 2668 1015 2698 &
1035 2663 1154 2697 alteram
1177 2675 1213 2697 ex
1234 2664 1384 2697 intellectu
1400 2666 1447 2697 seu
1462 2667 1637 2708 cognitione
1658 2665 1747 2709 ipfius
1768 2680 1776 2698 :
1798 2667 1830 2701 ὅ(

349 2701 456 2736 harum
466 2715 588 2749 Vtraque
597 2705 687 2740 habet
697 2706 878 2742 adliticduas
889 2710 1004 2742 semitas
1013 2711 1142 2742 veritatis
1158 2724 1169 2749 3
1186 2721 1274 2742 vnam
1283 2721 1335 2753 per
1349 2708 1548 2743 necessitatem
1564 2711 1612 2745 seu
1627 2714 1830 2755 contingenti·

350 2761 399 2781 am
412 2751 441 2783 ὅ(
451 2749 611 2785 libertatem
623 2753 924 2789 ducentem.alteram
935 2765 1006 2786 vero
1016 2766 1066 2796 per
1080 2754 1369 2792 immutabilitatem,
1392 2755 1439 2788 scu
1454 2754 1685 2790 mutabilitatem
1705 2757 1833 2791 renden-

352 2804 427 2826 tem.
453 2795 511 2827 Per
520 2796 597 2830 hanc
607 2800 697 2842 igitur
708 2800 840 2831 semitam
850 2800 1063 2844 veritatis,quae
1073 2799 1154 2833 ducit
1162 2812 1215 2843 per
1223 2799 1424 2833 necessitatem
1432 2800 1482 2832 seu
1490 2800 1656 2835 libertatem
1667 2803 1830 2835 voluntatis

354 2838 475 2880 diuinae‚
482 2843 657 2886 proceditur
665 2845 721 2877 isto
728 2844 824 2878 modo
836 2859 847 2885 5
858 2844 877 2877 fi
886 2846 994 2890 septem
1003 2843 1145 2890 praemiffa
1154 2845 1189 2880 de
1197 2842 1386 2890 praesentibus
1398 2869 1408 2883 ,
1420 2847 1748 2890 praetetitis‚&futuris‚
1758 2860 1832 2892 pra:-

1755 2893 1833 2928 stitis
