1985 3130
226 200 258 243 6
264 197 289 243 8
295 209 319 241 2
864 186 1036 238 ‘Thomae
1044 188 1327 238 ‘Bradmrdz'ni
1698 191 1745 242 L
1759 214 1772 242 i
1787 214 1828 245 n.
1836 215 1872 260 3.

333 288 423 331 pulos
429 287 575 320 destruere
583 286 726 329 principia
736 285 805 318 artis
816 295 909 328 quain
919 286 1100 321 didicerunt,
1118 288 1260 331 quamuis
1269 286 1413 318 artificem
1423 286 1543 330 quidem
1551 285 1708 322 verifimile
1714 286 1811 323 iacere
1838 292 1868 326 A

333 333 446 376 aliquid
457 343 559 365 eorum
567 343 635 375 quae
642 341 748 375 praeter
762 341 870 369 artem,
889 342 953 364 non
969 330 1132 364 secundum
1147 331 1229 375 quod
1244 331 1320 368 talis,
1334 341 1406 374 puta
1414 331 1562 365 medicum
1580 332 1651 365 date
1666 338 1814 379 corrupti,

334 389 407 411 vum
416 377 529 422 aliquid
540 378 587 410 vel
596 378 795 414 venenosum,
810 385 958 420 tanquam
968 375 1129 410 habentem
1138 379 1271 409 animam
1282 378 1298 408 a
1306 375 1398 419 seipsa
1408 376 1567 415 mobilem,
1583 378 1613 413 ἃ
1622 379 1815 413 artenihilfa—

150 432 254 458 Boetius.
334 425 431 456 ciente
447 438 457 463 ·,
474 434 610 456 naturam
619 431 720 455 tamen
729 423 916 455 contrarium
924 422 1036 466 aliquid
1045 425 1171 466 proprio
1180 424 1221 454 sui
1236 424 1329 455 facere
1338 423 1582 466 impossibilcest.
1602 425 1726 458 Boetius
1735 438 1814 470 quo-

336 481 396 513 que
405 468 492 514 super
501 480 558 501 eun
564 468 632 500 dem
643 469 744 499 locum
753 467 823 500 dicit
838 468 955 501 Animal
967 465 1024 501 effe
1032 468 1152 511 triplex,
1160 469 1267 500 scilicet
1276 466 1440 501 subiectum
1448 479 1570 506 naturae,
1583 468 1745 504 subiectum
1751 484 1813 505 coe-

334 514 378 552 lo,
395 514 558 547 subiectum
576 515 682 547 rationi
697 514 727 547 ἃ
741 512 839 546 libero
849 512 973 546 arbitrio
988 513 1150 547 voluntatis
1166 527 1174 545 :
1190 520 1221 546 &
1233 514 1383 546 declaratis
1399 513 1516 548 duabus
1533 516 1634 559 primis
1649 513 1813 558 speciebus,

152 560 165 598 Η
180 569 239 598 quae
334 557 479 594 subditde
495 561 589 596 tfflla’
606 557 691 602 {lqus‘a
713 570 771 592 nos
786 558 1114 593 furnuscunstidiuinae
1131 559 1328 602 prouidentiae
1343 557 1476 596 subiecti,
1492 571 1527 592 ex
1535 560 1596 603 ipsa
1604 572 1729 606 quoque
1737 564 1813 596 diui-

334 616 443 638 norum
453 605 610 637 voluntate
618 604 798 647 pendemus.
823 605 880 637 Per
890 604 950 636 hoc
959 615 1034 648 ergo
1043 605 1108 636 vult
1116 604 1223 641 dicere,
1239 604 1324 649 quod
1333 604 1473 638 homines
1489 617 1551 639 non
1561 604 1627 638 sunt
1635 605 1755 641 subieffl
1764 620 1814 641 ne-

334 652 459 684 celsitati
471 662 592 689 naturae,
606 648 679 682 sicut
695 650 834 683 animalia
851 661 954 683 caetera
964 648 1177 682 suntsubieeta.
1203 651 1288 683 Idem
1303 661 1426 694 quoque
1440 650 1477 684 de
1494 650 1700 686 consolatione
1707 652 1814 687 Philo-

335 696 447 740 sophiae
457 698 544 740 prosa
554 696 670 730 vltima,
685 695 814 730 ostendit
827 707 889 729 non
897 697 1000 728 omnia
1009 697 1172 740 prouenire
1178 707 1213 728 ex
1224 696 1393 729 necessitate
1402 707 1513 730 naturae
1530 708 1539 731 3
1554 699 1636 730 cuius
1645 697 1811 733 verborum

152 748 291 774 Gratianus.
335 740 421 775 seties
431 744 603 775 recitaturin
613 752 729 774 canone
739 742 996 786 23.quaestione4.
1012 742 1090 775 Non
1107 752 1195 785 erge,
1213 743 1350 786 quamuis
1360 743 1520 776 Gratianus
1528 742 1602 776 nihil
1610 743 1680 776 inde
1689 745 1811 787 Boetio,

336 787 492 821 sedtotum
503 786 612 820 tribuat
621 788 808 830 Augustino,
825 798 856 821 vt
872 787 910 820 fic
923 798 1028 820 contra
1042 798 1110 820 euin
1120 787 1226 821 merit&
1238 788 1330 821 valeat
1339 790 1495 832 conqueri,
1513 789 1623 825 ficut&
1632 790 1699 822 fecit
1709 791 1812 837 Virgi-

334 833 427 867 liusin
437 833 524 867 simili
532 835 610 870 casu,
625 832 728 866 dicens
745 846 757 872 ς
1837 846 1863 877 Β

655 927 686 955 H
687 935 716 955 ος
722 935 770 968 ego
775 924 905 967 compositi
912 923 1020 968 versus,
1036 924 1103 955 tulit
1110 923 1180 956 alter
1186 922 1297 956 honores
1306 938 1314 956 :

657 971 704 1002 Sic
712 980 763 1002 vos
770 979 824 1001 non
831 968 907 1001 vobu
914 968 1073 1012 meffsficatis
1079 977 1150 1012 apes,

657 1017 705 1046 Sic
711 1027 762 1047 vos
768 1026 822 1046 non
830 1013 1062 1059 vobispthficatis
1068 1026 1142 1053 aues,

656 1062 704 1091 Sic
710 1072 761 1092 vos
769 1071 824 1092 non
831 1058 909 1093 vobis
915 1059 1067 1103 vellt'ficatis
1075 1071 1147 1092 oues.

151 1155 316 1196 augustinus
336 1151 410 1183 Item
420 1148 605 1192 Augustinus
615 1151 812 1192 quaestionum
822 1152 930 1183 veteris
937 1155 968 1186 δι
977 1151 1049 1183 noui
1058 1151 1224 1184 testamenti
1232 1151 1331 1193 prima
1341 1148 1378 1180 fic
1384 1153 1437 1189 ait,
1449 1152 1478 1183 Si
1487 1149 1585 1182 homo
1595 1151 1743 1195 potestatis
1751 1151 1810 1186 suae

336 1207 400 1228 non
406 1195 486 1231 effer,
502 1192 653 1228 subiectus
662 1197 757 1228 fuerat
764 1196 979 1234 necessitati,vt
988 1207 1082 1239 neque
1091 1195 1165 1229 boni
1175 1197 1271 1239 operis
1282 1195 1404 1229 haberet
1413 1196 1554 1240 gloriam,
1561 1208 1659 1242 neque
1666 1198 1737 1230 mah·
1745 1209 1812 1241 poe-

335 1252 420 1279 nam,
438 1240 486 1272 sed
496 1239 678 1274 fuissetvnus
687 1252 723 1274 ex
733 1239 902 1284 pecoribus.
924 1242 962 1274 Et
971 1243 1131 1286 quaestione
1139 1241 1278 1280 secunda,
1292 1242 1323 1274 Si
1339 1241 1479 1275 diabolus
1494 1253 1600 1275 natura
1618 1242 1714 1276 malus
1729 1241 1811 1281 estet,

334 1297 459 1329 poenam
468 1286 507 1317 illi
518 1287 693 1328 promittere
701 1297 749 1320 aut
760 1286 908 1320 dementis
915 1298 977 1320 etat
985 1299 1035 1321 aut
1042 1289 1135 1332 iniqui
1153 1301 1161 1321 ε
1177 1289 1243 1333 quis
1252 1288 1332 1319 enim
1343 1298 1448 1331 arguat
1457 1298 1540 1324 eum,
1557 1299 1647 1330 quem
1656 1288 1738 1320 videt
1747 1299 1812 1322 non

152 1336 165 1374 Η
182 1338 211 1367 Si
335 1332 420 1363 aliter
427 1331 542 1376 aliquid
550 1330 656 1370 facere,
665 1334 756 1376 quam
765 1343 870 1365 natura
878 1335 940 1366 eius
948 1333 1095 1366 admittit?
1107 1332 1120 1362 ΙΙ
1134 1339 1189 1365 Aut
1196 1329 1245 1376 qui
1252 1333 1313 1376 igni
1322 1335 1417 1375 potest
1428 1328 1587 1366 succenseri
1597 1335 1665 1376 quia
1674 1335 1742 1373 vrit,
1758 1344 1811 1367 aut

336 1389 421 1421 aquae
430 1380 502 1421 quia
510 1377 675 1420 infrigidat,
693 1377 762 1410 cum
772 1390 836 1410 non
846 1380 950 1423 Vtique
959 1379 1113 1412 voluntate
1122 1378 1181 1411 hoc
1193 1378 1293 1417 ficiat,
1301 1378 1349 1410 ted
1359 1389 1461 1412 natura
1478 1385 1487 1408 ?
1506 1379 1542 1411 Et
1551 1379 1637 1415 infra,
1646 1379 1677 1411 Si
1686 1378 1751 1411 haec
1760 1391 1811 1414 na·
1835 1393 1866 1426 C

336 1422 592 1466 ruraliterputatui·
601 1421 711 1458 facere,
726 1435 792 1456 reus
801 1424 1008 1457 constituinon
1017 1425 1122 1467 potest,
1138 1425 1207 1467 quia
1221 1422 1280 1456 hoc
1290 1422 1451 1467 facitquod
1460 1434 1571 1456 naturae
1580 1422 1636 1456 suae
1654 1425 1693 1456 est
1707 1425 1738 1459 ὅ(
1751 1436 1810 1468 po-

335 1467 402 1504 test,
420 1472 450 1499 &
462 1479 525 1499 non
535 1468 607 1500 facit
617 1469 700 1512 quod
711 1479 771 1501 non
783 1469 891 1512 potest.
906 1471 975 1514 quia
983 1481 1096 1501 naturae
1107 1471 1161 1502 suae
1170 1481 1231 1503 non
1243 1470 1282 1501 est
1298 1479 1307 1503 ς
1323 1471 1422 1512 itaque
1431 1481 1527 1512 neque
1537 1468 1704 1503 laudandus
1713 1481 1812 1514 neque

335 1513 585 1546 condemnandus
593 1514 646 1550 est,
654 1516 724 1558 quia
733 1526 796 1547 non
807 1515 961 1548 voluntate
971 1515 1034 1548 haec
1042 1515 1121 1552 facit,
1133 1514 1182 1548 sed
1191 1513 1319 1558 impulsu
1328 1525 1448 1548 naturae.
1468 1514 1541 1548 Haec
1552 1515 1728 1559 generaliter
1735 1527 1811 1550 con-

336 1570 380 1592 tra
389 1558 471 1591 hunc
478 1560 608 1602 primum
618 1571 760 1599 errorem,
772 1563 825 1603 qui
841 1565 871 1595 ὅς
884 1564 913 1593 i'n
931 1560 996 1598 aliis
1004 1561 1077 1593 locis
1085 1559 1311 1604 quampluribus
1325 1560 1356 1595 ὅ(
1367 1558 1404 1592 ab
1413 1560 1586 1596 alijsmul'tis
1598 1559 1766 1593 Autoribus
1776 1559 1812 1594 fi-

336 1604 451 1637 militer
459 1603 692 1641 condemnatur,
710 1606 874 1638 secundum
882 1607 913 1640 ὃ(
920 1606 1107 1640 concorditer
1117 1608 1234 1640 tertium
1243 1603 1360 1638 stcundi
1370 1604 1563 1639 condemnat.
1582 1605 1642 1638 Sed
1658 1604 1757 1639 adhuc
1765 1607 1812 1638 vl-

337 1650 426 1682 terius
434 1648 651 1684 aduertendum
663 1662 769 1684 contra
784 1653 870 1684 istum
885 1662 1030 1690 errorem,
1043 1663 1188 1696 quantum
1206 1650 1396 1685 Manichaeos
1412 1652 1569 1684 concernit
1585 1650 1692 1695 3qu6d
1707 1661 1812 1685 contra

335 1693 416 1738 ipsos
425 1694 611 1729 Manichaeos
618 1695 722 1730 beatus
731 1698 912 1741 Augustinus
921 1696 1028 1740 scripsit
1035 1697 1195 1740 specialiter
1202 1697 1233 1731 ὅ(
1243 1697 1443 1740 principaliter
1449 1696 1564 1730 multos
1575 1696 1684 1735 libros;
1699 1695 1811 1730 librum

338 1740 447 1774 scilicet
456 1739 597 1774 delibero
607 1741 741 1779 arbitrio,
757 1753 788 1774 vt
805 1753 885 1786 patet
898 1754 924 1775 t.
934 1743 1064 1776 Retrast.
1069 1755 1097 1780 9·
1114 1749 1144 1776 sc
1159 1742 1197 1773 de
1207 1741 1290 1774 bono
1300 1743 1519 1785 perseuerantiae
1527 1753 1580 1783 27.
1590 1747 1620 1777 δι
1628 1741 1767 1786 deinceps
1775 1742 1812 1775 li-

338 1784 426 1817 brum
435 1785 473 1819 de
482 1786 589 1819 Genesi
600 1798 704 1820 contra
713 1786 913 1827 Manichaeos,
931 1787 1002 1820 ficut
1017 1799 1078 1820 tarn
1090 1789 1150 1830 ipse
1158 1787 1230 1820 liber
1239 1787 1336 1832 quam
1348 1799 1359 1819 1
1367 1800 1399 1820 0.
1418 1790 1507 1830 primi
1517 1788 1646 1821 Retract.
1664 1786 1812 1823 ostendis

339 1831 451 1864 librum
460 1831 497 1864 de
507 1843 574 1865 vera
583 1833 737 1875 religione,
745 1832 816 1866 sicut
825 1835 912 1877 capit.
921 1844 928 1864 i
940 1844 953 1873 3
963 1858 970 1866 .
980 1844 1039 1877 tam
1051 1834 1127 1867 illius
1137 1833 1214 1871 libri,
1223 1834 1315 1876 quam
1326 1835 1412 1876 primi
1421 1833 1548 1867 Retrast.
1560 1832 1690 1867 ostendit
1700 1830 1811 1872 31ibros

339 1877 376 1908 de
385 1876 500 1909 duabus
511 1877 668 1910 animabus
678 1889 784 1910 contra
794 1878 991 1912 Fortunatum
1002 1878 1323 1914 Manichaeum,contra
1336 1878 1547 1911 Adimantium
1555 1877 1715 1911 Manichaei
1725 1877 1810 1910 disci-

339 1922 457 1966 pulum,
465 1933 571 1956 contra
581 1923 733 1966 epistolam
744 1923 950 1963 Fundameuti,
965 1935 1068 1957 contra
1076 1925 1213 1957 Faustum
1224 1923 1441 1964 Manichaeum,
1459 1934 1565 1957 contra
1575 1923 1702 1957 Felicem
1711 1924 1812 1956 Mani-
1835 1942 1866 1974 D

338 1966 466 2003 thaeum,
482 1970 530 2000 De
540 1980 645 2001 natura
654 1967 739 2006 boni,
756 1980 861 2002 contra
874 1969 1089 2009 Secundinum,
1108 1968 1177 2001 ficut
1188 1970 1472 2011 22.primiRetra&.
1488 1981 1556 2001 cum
1567 1968 1708 2008 secundo,
1725 1970 1812 2011 septi-

340 2024 405 2051 mo,
413 2016 536 2050 ostam,
553 2026 648 2052 nonO,
663 2014 693 2047 ὃ(
703 2013 820 2047 decimo
831 2014 950 2047 secundi
960 2014 1118 2047 clarissime
1130 2015 1307 2047 manifestat.
1332 2015 1451 2047 Contra
1460 2026 1549 2058 quen]
1560 2015 1589 2049 t&
1598 2025 1674 2057 quos
1683 2014 1813 2047 similiter

340 2059 369 2089 in
382 2059 481 2090 inultis
493 2058 647 2096 aliisiibus
657 2058 725 2097 suis,
740 2059 808 2092 licet
823 2071 885 2092 non
905 2062 944 2093 ita
959 2061 1171 2104 principaliter,
1186 2060 1349 2092 incidenter
1367 2070 1467 2093 tamen
1485 2060 1514 2092 ἃ
1532 2058 1813 2102 partialiterinuehit

340 2103 441 2135 multis
452 2104 537 2137 locis.
563 2104 652 2136 Hunc
663 2116 788 2148 quoque
797 2116 929 2137 errorem
940 2115 1082 2147 quantum
1093 2107 1127 2137 ad
1139 2116 1251 2147 partem
1262 2103 1503 2143 eiussecundam,
1520 2105 1674 2138 damnauit
1689 2103 1812 2149 Stepha-

157 2151 295 2191 Stephanus.
342 2160 396 2181 nus
408 2148 576 2193 Episcopus
586 2149 748 2182 Parifienfis
760 2149 810 2181 sub
821 2149 866 2183 his
877 2149 975 2182 verbis
990 2161 998 2183 ;
1015 2149 1099 2194 quod
1109 2150 1235 2183 liberum
1245 2149 1399 2183 arbitrium
1409 2150 1448 2181 est
1460 2150 1595 2193 potentia
1602 2151 1730 2194 passiua,
1747 2160 1812 2182 non

158 2194 171 2231 Η
188 2195 307 2231 itemque
340 2195 448 2230 astina,
464 2200 494 2226 ὃς
505 2194 586 2237 quod
596 2193 633 2225 de
643 2193 810 2228 necessitate
819 2193 1005 2229 moueturab
1014 2194 1168 2239 appetibili
1185 2208 1195 2228 ε
1213 2195 1224 2239 ΙΙ
1234 2198 1390 2239 iterumque
1398 2195 1529 2235 subistis,
1538 2195 1766 2238 quodvoluntas
1775 2194 1813 2226 de

340 2237 369 2270 se
378 2239 417 2269 est
428 2238 658 2271 indeterminata
666 2240 701 2273 ad
710 2239 848 2284 opposita
857 2239 927 2274 sicut
936 2242 1068 2274 materia.
1079 2242 1292 2274 determinatur
1301 2252 1400 2273 :tutem
1407 2241 1445 2274 ab
1455 2240 1603 2284 appetibili
1614 2240 1684 2273 ficut
1691 2241 1814 2274 materia

340 2284 378 2315 ab
387 2295 497 2327 agente
512 2299 523 2323 3
544 2296 635 2328 quam
651 2284 821 2319 sententiam
831 2284 959 2319 similiter
966 2286 1081 2327 sapiunt
1090 2286 1176 2318 multi
1185 2285 1232 2322 alii
1247 2287 1359 2319 articuli
1367 2284 1404 2318 ab
1413 2285 1520 2319 eodem
1532 2286 1661 2319 similiter
1668 2285 1814 2319 condem-

341 2331 412 2361 nati.
435 2329 528 2361 Hunc
538 2333 626 2362 etiam
635 2330 764 2363 eundem
774 2341 1063 2374 errorem,quantum
1073 2331 1109 2364 ad
1118 2333 1231 2364 tertiam
1243 2333 1306 2363 eius
1315 2330 1684 2374 partem,damnauitidem
1695 2328 1815 2375 Episco-

340 2385 398 2417 pus
409 2373 462 2405 sub
473 2374 516 2416 his
527 2374 625 2407 verbis
636 2376 741 2419 3quod
751 2376 889 2409 voluntas
899 2376 1034 2409 hominis
1044 2378 1232 2409 necessitatur
1241 2388 1296 2420 per
1305 2378 1385 2409 suam
1394 2377 1611 2419 cognitionem,
1622 2375 1693 2408 ficut
1701 2377 1816 2419 appeti-

343 2429 394 2451 tus
404 2419 484 2451 bruti
499 2433 506 2451 :
522 2420 551 2453 ἃ
568 2421 674 2453 iterum
686 2420 738 2452 sub
750 2421 803 2454 hac
811 2423 912 2454 forma
930 2434 937 2455 ς
957 2421 1043 2464 quod
1054 2422 1191 2454 voluntas
1209 2420 1370 2456 necessari&
1387 2421 1602 2464 sequiturquod
1610 2421 1817 2465 principaliter

343 2464 474 2497 creditur
483 2467 499 2496 a
510 2466 637 2504 ratione,
647 2471 677 2498 8(
688 2478 749 2498 non
761 2468 859 2510 potest
868 2467 1012 2499 abstinere
1020 2466 1058 2498 ab
1068 2478 1105 2498 eo
1114 2466 1200 2510 quod
1210 2471 1285 2499 ratio
1295 2467 1383 2500 distat
1393 2480 1400 2498 :
1411 2466 1579 2500 haecautem
1589 2466 1743 2500 necessitas
1751 2476 1815 2499 non

345 2509 385 2541 est
394 2512 525 2547 coastio,
541 2509 590 2541 sed
600 2521 702 2543 natura
711 2512 883 2544 voluntatis.
912 2512 1046 2545 Eundem
1058 2524 1180 2556 quoque
1189 2523 1319 2545 errorem
1329 2524 1384 2555 pro
1393 2522 1493 2555 quarta
1503 2512 1710 2546 &vltimaeius
1718 2522 1816 2555 parte,

345 2559 475 2599 quare&
485 2555 646 2588 secundum
657 2557 824 2598 [errorem]
838 2558 1027 2601 principalem
1036 2557 1074 2590 de
1083 2556 1255 2591 necessitate
1265 2557 1315 2591 fati
1324 2557 1482 2594 stellarum,
1500 2556 1580 2589 idem
1590 2567 1668 2602 opus
1676 2558 1706 2589 in
1717 2556 1816 2589 multis

345 2601 474 2633 articulis
483 2603 708 2637 condemnauit,
724 2601 923 2635 ficuttertium
934 2603 1050 2635 secundi
1070 2603 1185 2646 plenius
1200 2605 1343 2637 recitauit.
1371 2603 1461 2636 Hunc
1474 2602 1505 2635 ὅ(
1520 2602 1715 2639 Ammonius,
1729 2612 1818 2645 atque

346 2645 470 2677 Boetius
480 2645 565 2689 super
576 2656 602 2679 1.
614 2651 676 2689 peri
685 2646 855 2680 hermenias
863 2649 992 2681 vlniust&
1001 2648 1151 2681 damnant.
1180 2649 1284 2688 Quem
1302 2653 1331 2679 δι
1347 2647 1490 2680 damnant
1502 2658 1608 2680 omnes
1624 2646 1817 2690 Philosophi,

164 2694 177 2733 Η
197 2695 295 2731 Nigro-
348 2692 481 2733 exceptis
491 2694 591 2734 paucis
601 2692 833 2730 Mathematicis,
851 2694 1069 2730 Geomanticis,
1087 2693 1097 2736 ΙΙ
1112 2694 1338 2730 Νεινοησιηιίειὲ,
1348 2691 1515 2736 caeterisque
1524 2693 1657 2729 Diuinis,
1674 2694 1722 2734 qui
1736 2694 1766 2725 in
1784 2703 1818 2724 ea

165 2734 288 2762 manticis
348 2747 430 2778 parte
438 2747 630 2779 nequaquam
642 2737 828 2781 Philosophi,
844 2737 892 2772 sed
901 2737 1052 2782 friuophili
1071 2749 1171 2782 potius
1186 2738 1251 2771 sunt
1270 2738 1386 2771 dicendi
1403 2752 1413 2775 ς
1430 2749 1484 2770 nee
1495 2748 1604 2770 omnes
1614 2736 1819 2770 Mathematici

348 2780 407 2812 hoc
415 2782 600 2821 concedunt,
611 2782 657 2815 sed
666 2783 786 2826 quidam
796 2783 908 2817 directe
917 2784 1092 2827 oppositum
1101 2784 1293 2821 confitentur,
1312 2782 1382 2815 sicut
1391 2785 1509 2816 tertium
1518 2782 1634 2815 secundi
1650 2784 1766 2826 plenius
1775 2792 1820 2813 re-

348 2828 462 2859 citauit.
487 2829 586 2868 Qem
597 2828 626 2861 ὅ(
636 2829 821 2871 Augustinus
835 2829 907 2870 5.de
916 2830 1048 2862 Ciuitate
1058 2830 1127 2866 Dei,
1139 2836 1169 2862 sc
1181 2831 1230 2873 83.
1240 2829 1439 2873 quaestionum
1449 2837 1485 2870 45
1493 2827 1571 2860 .2.de
1581 2827 1719 2860 doctrina
1728 2826 1819 2860 Chri-

350 2871 450 2908 st¹²¹¹²h
465 2879 495 2904 δε
509 2873 571 2913 post
582 2873 841 2917 ‹lequaestionibus
850 2877 955 2908 veteris
971 2880 1001 2910 δε
1015 2878 1086 2907 noui
1096 2875 1282 2908 Testamenti
1297 2884 1365 2917 115.
1383 2881 1414 2908 δε
1425 2874 1524 2906 multis
1535 2874 1598 2911 aliis
1614 2871 1820 2948 locisferuenlti

1754 2929 1788 2950 ze
1799 2928 1820 2948 o
