1985 3130
240 175 268 219 7
275 165 306 206 6
312 173 343 223 4
869 150 1034 202 Thomae
1043 151 1325 202 Bradwardini
1695 155 1741 204 L
1755 176 1767 204 ι
1782 176 1822 207 Β.
1840 177 1874 221 3.

347 251 478 295 persea-e
487 251 575 283 beati.
603 251 682 283 Item
691 249 754 283 haec
764 247 912 281 certitudo
921 249 959 280 est
968 246 1116 280 certitudo
1127 245 1186 290 spei
1196 246 1312 280 tantum
1328 261 1338 285 ;
1355 246 1418 280 haec
1426 248 1545 280 enimin
1556 248 1720 282 viatoribus
1738 261 1822 295 repe-
1839 254 1869 284 A

349 309 437 337 ritus,
454 308 485 330 vt
495 297 637 341 proximo
646 298 685 329 est
695 293 854 328 ostensum.
881 295 986 336 Qare
996 291 1396 332 &Lumbardus3.sentent.
1406 292 1470 326 dist.
1480 299 1531 327 26.
1555 295 1641 337 Spes,
1657 295 1767 340 inquit,
1783 297 1822 329 cst

351 354 431 376 certa
439 344 607 385 expectatio
618 339 937 379 futuraebeatitudini53
945 350 1016 382 ergo
1024 341 1053 371 in
1065 338 1189 371 Christo
1198 340 1228 372 ὅ(
1236 340 1264 370 in
1273 338 1339 375 aliis
1349 337 1441 371 beatis
1450 341 1488 371 est
1496 340 1558 382 spes
1567 346 1596 372 ὅ(
1607 341 1752 374 certitudo
1762 354 1822 376 tan-

351 389 511 422 tummodo
522 386 663 431 (perarma
675 402 684 425 3
694 386 776 430 quod
786 387 891 418 falsum
902 385 954 422 est,
962 384 1030 429 quia
1038 385 1086 416 illa
1095 384 1133 416 est
1144 382 1330 427 imperfecta,
1344 382 1499 418 beatitudo
1510 384 1583 417 vero
1591 387 1733 428 perfecta,
1751 387 1822 422 sicut

351 434 483 478 superius
492 435 530 466 est
540 433 704 464 ostensum.
728 433 819 464 Vnde
833 430 998 474 Apostolus
1011 441 1034 462 i.
1046 430 1083 461 ad
1095 430 1170 462 Cor.
1185 439 1233 468 ¹3.
1250 430 1293 462 Ex
1311 440 1393 473 parte
1409 432 1632 474 cognoscimu3‚
1648 432 1677 466 &
1692 443 1726 464 ex
1742 445 1823 476 parte

351 479 583 522 prophetamus,
598 478 665 510 cum
676 489 777 510 autem
789 487 902 509 venerit
913 476 996 519 quod
1006 474 1170 519 perfectum
1183 476 1233 511 est,
1242 474 1433 508 ettacuabitur
1442 476 1523 519 quod
1532 488 1567 510 ex
1576 487 1656 519 patre
1666 478 1721 509 est:
1740 479 1823 512 vidc-

350 537 417 557 mus
427 536 506 557 nunc
516 535 569 568 per
578 523 729 566 speculum
740 526 769 556 in
779 524 950 566 aenigmate,
967 532 1037 554 tunc
1046 532 1143 554 autem
1154 519 1227 553 facie
1235 519 1270 553 :td
1278 519 1382 553 faciem
1399 532 1408 555 3
1424 533 1503 554 nunc
1518 521 1672 565 cognosco
1683 533 1716 554 ex
1730 534 1823 566 parte.

350 582 423 603 tunc
432 581 532 602 autem
543 568 723 613 cognoscam
735 567 806 602 sicut
815 568 845 601 ὃ(
854 569 991 611 cognitus
1002 565 1168 600 summane
1177 576 1275 598 autem
1285 576 1409 599 manent
1417 566 1824 612 fides,spes‚charitas.Qare

168 616 331 649 Lumbardus.
351 618 381 650 ὁ(
392 616 493 647 Petrus
505 625 532 659 3.
543 617 666 648 sentent.
677 615 740 649 dtst.
754 620 803 646 26.
815 612 963 656 proposita
971 614 1145 658 qua-stione,
1162 614 1273 644 Vtrum
1283 611 1355 645 fides
1365 617 1394 646 δι
1404 609 1467 654 spes
1477 615 1505 645 in
1518 612 1638 645 Christo
1647 613 1768 654 fuerint,
1786 614 1824 648 sic

350 660 507 705 respondet
519 660 733 701 {Quibusdam
744 671 804 692 non
815 658 937 692 indocte
947 659 1074 696 videtur,
1083 657 1188 697 fidem,
1196 660 1348 694 virtutem,
1357 658 1386 692 ὅ(
1396 656 1476 701 spem
1488 660 1516 690 in
1527 670 1563 691 eo
1572 669 1634 691 non
1643 657 1737 699 fuisse,
1755 658 1824 694 sicut

351 708 380 741 ἃ
392 709 422 739 in
431 706 538 738 sanetis
547 717 605 738 mm
616 704 802 741 beatificatis,
812 705 859 736 vel
869 705 898 736 in
908 704 1033 748 Angelis
1042 715 1104 736 non
1113 704 1222 740 luna&
1230 702 1298 735 cum
1310 704 1397 736 saneti
1406 703 1529 736 credunt
1538 708 1567 739 δι
1577 704 1690 747 sperant
1699 703 1826 738 resurre-

353 754 485 784 ctionem
494 749 636 789 futuram,
647 758 677 784 δε
689 751 800 794 Angeli
809 749 934 782 eandem
944 749 1082 787 credunt,
1092 760 1145 782 nec
1155 760 1253 781 tamen
1263 750 1292 781 in
1303 755 1342 781 eis
1352 747 1423 781 fides
1433 749 1480 780 vel
1490 747 1555 792 spes
1563 752 1654 781 virtus
1665 750 1786 795 est,quia
1794 751 1825 785 ὅ(

352 799 424 830 Deo
434 808 486 841 per
495 797 617 840 speciem
627 795 866 840 contemplando
877 793 1023 830 fruuntur,
1034 801 1063 828 &
1074 796 1104 827 in
1115 796 1174 827 Dei
1186 792 1279 826 verbo
1290 794 1530 827 resurrestionern
1541 795 1671 828 futuram
1683 794 1743 828 siue
1752 796 1826 830 iudi·
1839 786 1860 818 Β

351 845 442 879 cium,
453 854 515 874 non
524 853 579 885 per
590 842 742 886 speculum
754 844 783 873 in
793 842 964 884 :enigmata
982 840 1028 873 scd
1040 840 1257 881 praeclarissime
1267 841 1474 883 inspiciumsSi
1483 843 1562 873 enim
1573 843 1642 884 quia
1650 841 1773 874 credunt
1782 852 1826 875 te-

351 891 566 922 surrectionem
576 886 718 922 futuram,
728 887 796 920 ideo
806 897 908 920 verum
919 888 957 918 est
966 898 1018 918 eos
1029 885 1119 918 fidem
1133 884 1254 922 habete,
1264 895 1335 927 crgo
1343 896 1377 917 ea
1386 885 1675 930 consummata,post
1683 886 1825 921 iudicium

352 932 481 967 similiter
491 933 521 966 ὅ(
529 932 619 966 fidem
631 932 741 965 habere
751 933 894 967 dicentur,
907 933 975 975 quia
985 931 1105 965 credent
1114 943 1177 964 eam
1189 942 1366 975 praeterltam
1378 930 1444 969 3sed
1456 930 1533 964 sicuti
1544 942 1615 965 runc
1624 931 1755 971 credent,
1771 945 1826 966 nec

352 990 453 1012 tamen
464 978 568 1014 fidem,
585 991 650 1022 quae
659 978 762 1010 fideles
772 979 853 1014 facit,
868 976 1036 1013 habebunt,
1053 977 1120 1020 quia
1132 988 1195 1009 non
1213 976 1334 1008 credent
1351 975 1461 1020 absque
1476 975 1603 1016 scientia,
1620 989 1686 1021 quae
1701 989 1762 1010 non
1772 981 1826 1011 erit

351 1023 598 1067 aenigmatica‚scd
608 1036 658 1068 per
668 1025 807 1068 speciem,
815 1026 854 1056 ita
864 1030 893 1056 δι
904 1022 1003 1055 modo
1010 1022 1132 1056 credunt
1143 1030 1171 1055 sc
1183 1025 1299 1066 sperant
1307 1020 1616 1060 resurrestionemmee
1625 1033 1724 1056 tamen
1733 1023 1825 1057 fidem

350 1068 474 1106 habent,
492 1071 561 1113 quia
571 1069 723 1102 credendo
732 1067 930 1112 cognoscunt.
955 1069 1048 1101 Venit
1065 1068 1146 1100 enim
1162 1069 1201 1100 cis
1214 1066 1296 1111 quod
1314 1069 1475 1111 perlestum
1485 1068 1536 1104 est,
1551 1068 1582 1103 ὅ(
1600 1079 1773 1102 euacuatum
1786 1072 1827 1103 est

352 1115 436 1159 quod
445 1127 481 1148 ex
491 1126 571 1158 parte
581 1117 629 1148 est.
650 1116 745 1148 Venit
754 1118 835 1146 euim
845 1115 994 1157 cognitio,
1004 1121 1035 1147 ὅ(
1046 1123 1187 1146 euacuata
1195 1114 1233 1146 est
1243 1112 1317 1146 fides
1327 1124 1335 1146 ;
1345 1113 1425 1145 venit
1434 1111 1592 1156 species,&
1603 1112 1826 1157 dcfijtspes,1ta

351 1163 382 1196 ὅ(
392 1161 539 1198 Christus,
554 1163 583 1192 in
602 1172 663 1205 quo
672 1159 790 1193 fuerunt
798 1160 878 1192 bona
887 1161 988 1204 patriae
997 1158 1121 1192 credidit
1129 1157 1251 1202 quidem
1264 1159 1294 1192 ὅ(
1303 1157 1425 1201 sperauit
1435 1160 1677 1192 resurrectionem
1689 1162 1770 1193 tertia
1779 1160 1827 1194 die

351 1205 494 1242 futuram,
512 1218 566 1249 pto
576 1218 632 1249 qua
642 1207 671 1240 ἂ
683 1208 781 1238 orauit
792 1216 916 1248 patrem,
934 1216 988 1236 nec
1004 1215 1104 1237 tamen
1115 1203 1219 1240 fidem,
1234 1205 1386 1240 virtutem,
1404 1204 1451 1236 vel
1461 1206 1540 1248 spem
1553 1204 1669 1244 habuit,
1686 1207 1753 1248 quia
1763 1217 1827 1238 non

351 1254 575 1295 aenigmaricam
587 1252 633 1284 vel
642 1250 887 1294 specularem,sed
896 1250 1086 1283 clarissimam
1096 1249 1199 1281 habuit
1209 1249 1245 1282 dc
1254 1250 1513 1293 eacognitionem,
1521 1253 1589 1292 quia
1599 1262 1660 1283 non
1670 1250 1826 1294 perfeetius

349 1292 418 1331 eam
428 1299 575 1341 cognouit
585 1299 772 1341 praetetitam,
790 1297 887 1341 quarn
897 1295 1040 1328 intellexit
1050 1296 1180 1327 suturam
1191 1307 1198 1327 ε
1208 1295 1455 1338 Sperauittamen
1465 1295 1611 1334 Christus,
1626 1294 1698 1329 sicut
1708 1298 1737 1327 in
1750 1295 1823 1328 Psal-

350 1356 403 1375 mo
414 1345 557 1381 ait‚1nte,
567 1344 716 1378 Domine,
725 1344 834 1385 sperani
846 1356 855 1380 ς
866 1353 927 1374 non
939 1352 1039 1374 tamen
1050 1340 1140 1374 fidem
1150 1340 1195 1373 vel
1205 1342 1285 1383 spem
1295 1342 1433 1373 virtutem
1443 1339 1631 1385 habuit.qu1a
1639 1353 1691 1385 per
1700 1344 1824 1385 speciem
1839 1341 1867 1373 C

166 1391 248 1430 Hugo.
351 1389 468 1422 videbat
479 1400 525 1427 ea,
535 1400 600 1432 quae
609 1388 759 1421 credebat.
785 1387 882 1430 Hugo
892 1397 1014 1431 quoque
1024 1397 1049 1419 ι.
1059 1386 1095 1418 dc
1103 1388 1273 1418 sacrament.
1287 1396 1377 1428 parta
1387 1385 1505 1426 3.sentit
1515 1386 1594 1420 idem
1604 1397 1611 1420 ς
1622 1387 1705 1432 quod
1715 1392 1745 1418 Sc
1755 1399 1826 1420 con-

350 1435 480 1468 corditer
489 1433 615 1467 sentiunt
625 1445 730 1466 omnes
741 1431 894 1466 Catholici
904 1433 1112 1465 Tractatorcs.
1133 1433 1206 1464 Item
1223 1429 1243 1463 st
1258 1432 1345 1464 Deus
1355 1432 1470 1464 nullum
1485 1433 1580 1475 potest
1590 1433 1750 1465 certificare
1759 1445 1827 1477 per-

350 1479 442 1518 fecte,
460 1480 573 1512 nullum
586 1479 678 1521 potest
687 1477 855 1512 beatificare
865 1477 1006 1522 perfecte,
1023 1479 1092 1522 quia
1101 1476 1247 1509 certitudo
1263 1478 1301 1510 est
1316 1475 1483 1510 beatissima
1497 1488 1564 1522 pars
1573 1480 1663 1511 totius
1672 1477 1830 1512 beatitudi-

350 1538 407 1564 nis,
422 1525 496 1557 sicut
505 1525 543 1558 ab
552 1525 722 1568 Augustino
732 1535 794 1557 erat
804 1523 934 1567 superius
944 1524 1115 1567 allegatum.
1142 1523 1239 1554 Cuius
1250 1524 1462 1562 etiamgmimus
1473 1522 1610 1557 habentis
1617 1524 1828 1558 certitudinem

351 1572 467 1604 tantum
479 1570 661 1614 praedistam
678 1581 740 1604 non
749 1580 899 1614 appeteret
907 1568 1074 1603 firmiorem
1095 1575 1103 1600 Ξ
1123 1570 1224 1610 Qate
1232 1579 1294 1600 non
1305 1567 1393 1613 plene
1402 1571 1594 1612 quictat‘etur‚
1603 1567 1765 1606 satiaretur,
1774 1580 1827 1602 nec

350 1616 568 1649 beatificaretur
577 1616 728 1659 perillam,
744 1626 798 1647 nec
807 1627 857 1658 per
865 1625 960 1648 totam
970 1614 1189 1648 beatitudinem
1204 1624 1296 1657 quarn
1313 1612 1434 1648 habetet
1448 1629 1460 1654 ς
1474 1625 1564 1658 quare
1573 1626 1636 1647 non
1646 1612 1715 1646 esset
1726 1614 1827 1648 beatus

375 1662 495 1701 effecte,
513 1662 604 1704 qualis
617 1672 715 1693 tamen
727 1659 878 1694 beatitudo
889 1663 918 1692 in
928 1662 1020 1704 patria
1037 1661 1054 1693 Ξι
1070 1657 1209 1693 fidelibus
1225 1657 1560 1703 omnibusexpettatur.
1588 1661 1619 1692 Si
1634 1662 1713 1692 enim
1728 1660 1827 1704 aliqua

351 1676 510 1740 beatitudo
519 1706 577 1739 fiue
586 1706 722 1740 foelicitas
738 1706 778 1738 est
794 1707 931 1750 perlecta,
946 1717 978 1739 vt
994 1705 1158 1740 docebatur
1174 1702 1318 1747 superius,
1334 1717 1411 1748 quae,
1426 1704 1446 1737 si
1463 1717 1526 1738 non
1542 1705 1591 1738 illa
1610 1712 1619 1735 t
1637 1707 1742 1746 Quare
1754 1705 1827 1739 dicit

351 1751 599 1797 Apostolus1.ad
609 1752 814 1793 Corinth.13.
823 1751 893 1784 cum
901 1753 1016 1785 venerit
1023 1752 1104 1795 quod
1117 1749 1282 1795 perfeetum
1293 1752 1342 1790 est,
1351 1749 1542 1784 euacuabirur
1549 1751 1633 1795 quod
1641 1762 1677 1784 ex
1688 1762 1766 1795 parte
1775 1753 1823 1785 est.

353 1799 428 1832 Haec
438 1810 508 1842 ergo
518 1797 670 1841 responsio
687 1797 787 1831 lumen
803 1796 958 1830 beatorum
968 1797 1095 1841 eclipsat,
1112 1797 1208 1830 visum
1217 1806 1322 1828 eorum
1338 1798 1504 1839 praestigiat,
1517 1798 1691 1830 certitudine
1706 1795 1825 1842 spoliat,

352 1856 444 1878 totius
454 1847 465 1875 s
465 1845 556 1876 cilicet
565 1842 755 1876 beatitudinis
764 1841 931 1876 beatissima
939 1844 1092 1886 portione,
1101 1841 1138 1874 ad
1149 1840 1295 1873 miseriam
1305 1840 1506 1874 miserabiliter
1513 1842 1681 1881 detrahit‚&
1689 1842 1773 1887 quod
1785 1845 1827 1876 vi·

353 1889 437 1923 detur
448 1889 607 1922 mirabilius
615 1887 1060 1933 atquemiserabiliusomnium,
1076 1887 1245 1924 Christum,
1260 1887 1407 1927 Maritim,
1422 1888 1607 1932 San&osque
1623 1899 1758 1925 caeteros,
1775 1890 1826 1933 qui
1842 1892 1872 1927 l)

353 1935 391 1967 ab
399 1934 473 1968 olim
483 1933 559 1967 beati
570 1935 701 1972 fuerunt,
715 1933 784 1966 facit
794 1945 946 1978 nunquam
954 1932 1036 1967 fuisse
1044 1933 1163 1971 beat05,
1179 1930 1228 1965 sed
1239 1931 1359 1965 miseros
1369 1933 1482 1976 semper
1489 1944 1568 1971 ante,
1584 1933 1747 1978 locumque
1756 1933 1828 1966 bea-

354 1981 488 2013 ti·udinis
498 1979 771 2013 summumcoelum
789 1981 818 2012 in
837 1979 984 2012 infernum
996 1981 1118 2012 miseriae
1126 1979 1228 2011 locum
1238 1977 1390 2010 transfert.
1412 1979 1568 2016 Praeterea,
1586 1979 1671 2023 quod
1687 1983 1828 2012 omnium

354 2027 473 2058 videtur
483 2026 748 2062 haereticissimurn,
766 2027 816 2058 ista
826 2024 975 2068 responsio
985 2023 1293 2067 habetconsequenter
1300 2021 1419 2057 asserere
1429 2023 1523 2068 ipsum
1532 2027 1630 2058 Deum
1639 2026 1722 2069 poffe
1729 2025 1828 2069 decipi

354 2071 385 2105 ὅ(
396 2082 501 2104 errare.
518 2073 634 2104 Sienim
644 2070 743 2104 homo
754 2071 798 2102 vel
815 2070 952 2115 Angelus
962 2072 991 2102 in
1006 2072 1064 2104 Dei
1073 2069 1190 2102 essentia
1198 2071 1292 2112 porest
1301 2069 1394 2112 decipi
1412 2069 1442 2103 ὃ(
1458 2080 1561 2106 errare,
1578 2070 1675 2114 potest
1693 2072 1722 2106 ἃ
1735 2072 1830 2109 Deus,

355 2117 423 2150 cum
434 2117 506 2148 nihtl
514 2117 670 2160 intelligat,
685 2115 737 2149 nisi
747 2116 830 2159 quod
840 2117 869 2150 ὅ(
881 2115 952 2148 sicut
962 2118 990 2149 in
1006 2114 1066 2159 ipsa
1082 2113 1248 2148 ostenditur
1256 2122 1286 2148 «Sc
1296 2114 1413 2147 relucet.
1436 2115 1512 2147 Haec
1521 2116 1609 2148 etiam
1619 2115 1773 2159 responsio
1781 2119 1828 2148 in·

357 2174 447 2196 certat
458 2163 559 2195 Deum
572 2161 702 2194 similiter
711 2161 747 2194 de
755 2161 870 2195 futuris.
889 2162 973 2194 Nam
984 2161 1003 2193 fi
1014 2173 1065 2204 per
1073 2161 1281 2204 cognitionem
1298 2159 1378 2192 suam
1387 2159 1425 2192 de
1433 2161 1537 2193 suturis
1548 2159 1640 2204 possit
1649 2161 1745 2203 decipi
1756 2163 1829 2196 circa

357 2209 416 2246 illa,
434 2220 486 2253 per
495 2208 574 2240 illam
586 2219 647 2241 non
656 2207 753 2251 potest
764 2205 921 2240 effecertus
931 2206 967 2239 de
976 2207 1045 2246 illis,
1063 2218 1115 2240 nee
1125 2206 1212 2238 Pater
1227 2205 1263 2238 de
1278 2206 1498 2250 omnipotentia
1508 2207 1557 2239 sua
1565 2205 1828 2250 possercertificare

357 2254 466 2287 Filium
477 2253 515 2285 de
524 2253 586 2287 vllo
595 2253 711 2286 futuro:
721 2251 781 2296 ipse
789 2254 870 2284 enim
881 2263 946 2284 non
955 2254 994 2285 est
1002 2263 1109 2288 certus,
1121 2250 1283 2296 quomodo
1299 2262 1371 2296 ergo
1385 2251 1511 2285 alterum
1528 2251 1689 2285 certificare
1697 2252 1827 2285 valebit?

360 2299 430 2332 lmo
438 2306 466 2333 &
479 2299 496 2330 si
507 2296 691 2333 effetccrtus,
709 2300 781 2331 ficut
791 2298 890 2331 nullus
899 2297 1015 2330 dubitat
1024 2300 1096 2342 quin
1108 2296 1140 2331 sit
1149 2308 1255 2338 certus,
1263 2296 1362 2329 adhuc
1372 2296 1464 2330 filium
1473 2295 1630 2331 certificare
1639 2309 1702 2331 non
1712 2299 1808 2343 poffet
1819 2311 1830 2331 τ

359 2347 510 2377 nonenim
520 2343 613 2386 posset
623 2343 719 2388 ipsum
728 2343 902 2382 certificare,
917 2343 969 2376 nifi
986 2344 1259 2388 petreuelationem
1270 2344 1299 2375 in
1308 2341 1399 2376 verbo
1416 2349 1446 2376 in
1461 2343 1581 2376 essentia
1590 2344 1667 2376 clara
1681 2345 1739 2376 Dei
1756 2358 1766 2382 ;
1780 2342 1830 2376 sed

359 2390 407 2422 illa
417 2403 478 2423 non
487 2391 637 2426 certificat.
652 2391 721 2434 quia
732 2401 801 2422 cum
809 2388 867 2433 ipsa
876 2390 929 2423 stat
942 2401 1026 2422 error
1041 2400 1050 2424 ς
1066 2400 1157 2433 quare
1175 2400 1228 2421 nec
1238 2387 1313 2421 filius
1322 2399 1376 2421 nec
1383 2387 1496 2431 spiritus
1506 2390 1619 2422 sanstus
1626 2387 1744 2432 possunt
1752 2389 1830 2422 certe

361 2440 544 2479 cognoscere
552 2435 756 2479 quodcunque
770 2434 914 2468 futurum.
940 2434 999 2479 Ipsi
1016 2436 1096 2468 enim
1106 2434 1194 2471 nihil,
1211 2446 1266 2466 nec
1275 2433 1335 2466 vllo
1343 2434 1438 2467 modo
1447 2433 1562 2477 possunt
1572 2437 1765 2478 cognoscere,
1778 2434 1829 2467 nisi
1845 2438 1867 2470 Ε

362 2482 494 2524 quos&
507 2493 537 2514 vt
546 2481 562 2512 ὲ
575 2480 663 2514 Patre
674 2482 818 2523 recipiunt
827 2480 1086 2524 cognoscendum.
1106 2482 1191 2514 Nam
1202 2478 1274 2512 sicut
1283 2489 1381 2512 totum
1389 2477 1444 2512 effe
1453 2478 1535 2512 suurn
1545 2478 1656 2514 habent
1665 2481 1681 2512 ὲ
1691 2478 1832 2518 Patre‚fic

363 2533 394 2560 δι
404 2538 502 2561 toturn
513 2526 597 2560 suum
605 2524 833 2571 cognoscem&
842 2537 946 2561 caetera
954 2524 1331 2569 vniuerl'a‚s1cuttticefitn0
1341 2525 1457 2560 secundi
1466 2526 1580 2570 plenius
1589 2526 1628 2559 est
1638 2523 1795 2560 ostensum.

1639 2682 1836 2736 CAP.
