1985 3130
218 163 295 228 832
806 152 973 204 ‘Ihomae
981 151 1264 206 &raduardz'ni
1675 155 1749 206 Li
1764 177 1805 208 n.
1823 178 1860 221 3.

330 255 409 288 Iesus
417 253 566 291 Christus,
580 265 615 286 ac
625 249 777 295 viriusilue
791 249 879 284 seties
894 251 1073 283 testamenti.
1095 250 1211 282 Omnis
1224 259 1355 293 namque
1371 247 1491 283 essentia
1498 250 1684 290 vernalium
1699 251 1806 286 scilicet
1829 256 1860 287 A

329 300 552 346 simplicissime.
570 298 725 339 vnissime,
736 293 1069 340 immutabilissimeque
1077 295 1216 334 existens,
1227 293 1356 328 similiter
1372 297 1490 339 penitus
1499 296 1694 331 vultacnouit
1703 299 1807 332 voluta

329 345 381 378 sua
392 350 421 383 ὀ(
437 356 559 391 cognita
577 345 723 378 vniuetsa.
745 343 773 375 Si
791 352 870 376 enim
887 338 939 373 sua
955 341 1087 378 volutio,
1104 339 1164 373 siue
1179 341 1318 384 cognitio
1334 352 1510 381 mutaretur,
1525 343 1555 377 ἃ
1568 340 1629 386 ipsa
1645 343 1806 380 necessario

331 403 507 430 mutaretur,
523 391 593 424 sicut
603 389 836 432 nullusignorar‚
850 386 881 420 ὅ(
897 386 1069 419 vicefimum
1083 387 1202 420 tertium
1217 387 1306 431 primi
1319 388 1462 420 monstrat
1481 399 1489 419 :
1503 386 1738 423 Deusautemest
1745 390 1806 424 talis

332 438 461 474 effenda,
477 436 635 472 ficutidem
645 433 818 469 vicesimum
832 434 950 466 tertium
967 433 996 467 ἃ
1014 433 1156 478 quintum
1170 432 1259 476 primi
1276 430 1436 470 docebant,
1466 434 1581 465 Omnis
1589 432 1807 469 fimiliterastio

330 486 453 529 proprie
469 481 635 516 mensurata
657 479 794 513 mensura
815 476 996 511 immutabili
1017 479 1057 511 est
1078 476 1277 510 immutabilis
1293 492 1304 517 ;
1324 478 1387 512 hoc
1401 477 1499 511 statim
1514 489 1596 523 patet
1611 489 1649 513 ex
1663 491 1808 524 compro-

331 541 473 574 portione
490 528 521 562 ἃ
536 525 800 570 correspondentia
814 534 919 558 mutua
934 525 1076 557 mensura:
1089 522 1128 555 ad
1143 522 1341 557 mensurabile
1355 523 1411 558 &e
1428 533 1546 560 contra,
1564 531 1595 558 ει
1613 527 1707 568 potest
1715 536 1751 559 ex
1759 526 1809 559 de-

331 587 412 607 cimo
429 572 632 617 metaphysice
648 570 824 605 confirmari
846 580 856 603 3
879 570 980 601 omnis
996 567 1070 602 vero
1088 571 1168 602 aetio
1183 570 1241 601 Dei
1256 569 1412 603 intrinseca
1426 569 1467 602 est
1485 568 1652 603 mensurata
1674 571 1810 605 menfiira

332 621 523 655 immutabili,
548 621 617 662 qnia
640 617 824 654 aeternitate,
850 612 921 648 ficut
943 614 1143 658 praecedentia
1161 616 1304 657 proximo
1320 613 1506 649 manifestant
1522 627 1531 650 ;
1546 619 1649 651 omnis
1661 627 1735 662 ergo
1750 618 1809 651 Dei

332 666 452 700 volutio
465 675 552 710 atque
566 664 700 707 cognitio
715 662 756 695 est
773 659 986 700 immutabilis,
997 659 1212 698 immutabilis,
1227 661 1354 705 inquam
1365 684 1374 698 ‚
1388 659 1554 694 secundum
1571 673 1653 706 prius
1667 663 1696 698 ἃ
1712 664 1810 706 poste-

333 714 392 744 rius
412 723 420 746 ;
437 713 467 745 in
484 711 645 744 :eternitate
660 718 791 750 namque
808 704 881 739 nihil
894 707 973 750 ptius
989 716 1040 737 aut
1055 706 1212 748 posterius,
1228 704 1299 738 sicut
1315 717 1350 740 ex
1388 708 1510 739 roximo
1523 708 1708 750 praeostenfis
1719 719 1809 752 appa-

333 768 376 791 ret
391 772 402 796 3
418 757 499 790 nulla
512 757 603 800 igitur
622 756 681 788 Dei
696 756 775 786 astio
788 752 946 786 intrinseca
962 751 1044 784 :iliter
1058 752 1217 784 intrinsece
1231 751 1312 795 prius
1324 751 1351 784 se
1366 718 1456 785 gabee
1474 753 1523 785 seu
1536 751 1661 792 habuit,
1686 765 1759 798 pura
1775 754 1810 786 li-

333 802 402 838 bere
417 800 579 836 secundum
595 798 868 833 contradictionem
885 808 954 830 anre
976 796 1156 841 praesentiam
1179 796 1229 829 seu
1252 799 1483 841 praeteritionem
1505 800 1565 837 rei,
1588 800 1618 834 ἃ
1633 800 1717 833 aliter
1731 800 1810 842 post,
1823 789 1844 822 Β

333 860 404 891 puta
419 845 580 882 necessarie,
594 857 603 883 3
617 845 648 878 ὅ(
663 846 735 888 quia
753 854 825 877 tunc
838 853 901 876 non
917 844 1039 886 proprie
1050 843 1262 875 mensuratetur
1277 845 1438 877 aeternitate
1450 867 1458 880 ,
1474 841 1525 875 sed
1542 845 1645 888 potius
1657 856 1808 889 tempore,

149 900 165 938 Η
183 897 300 938 praescire
333 893 437 926 saitem
453 903 600 938 quantum
617 890 654 924 ad
670 887 727 923 esse
740 888 869 922 liberum
886 888 933 921 vel
948 885 1133 921 neceffiitium
1144 912 1153 926 ,
1177 888 1230 920 illo
1247 886 1353 922 scilicet
1370 899 1516 933 tempore,
1538 888 1809 934 quosspraect'sbfiait

148 942 196 969 tuit
210 940 274 968 libe·
332 938 419 972 libera
430 940 483 972 vel
492 938 634 981 neceffm'a
651 950 662 976 3
684 946 775 980 quare
786 934 817 968 ὅ(
835 944 899 968 tota
914 933 962 967 illa
976 935 1055 967 actio
1073 931 1292 966 mensuratetur
1306 944 1373 967 toto
1390 945 1541 978 tempore,
1559 935 1630 968 ficut
1647 947 1743 978 partes
1759 947 1810 980 per

148 991 206 1008 ΝΠ]
217 980 257 1025 Ψ]
269 989 312 1008 ΠΕ·
355 995 445 1022 arim,
463 983 546 1017 sicuti·
561 987 591 1019 δι
607 992 703 1026 partes
717 990 821 1013 motus
836 979 982 1017 coekstis,
1008 981 1149 1021 praeterita
1172 978 1203 1013 ὅ(
1227 979 1326 1013 futura
1339 979 1546 1014 mensurantur
1561 980 1704 1014 similibus
1720 984 1810 1025 parti-

147 1019 299 1055 cetrarium3
332 997 388 1064 ἕης
404 1041 568 1073 temporis,
591 1028 622 1063 ἃ
642 1026 711 1060 ideo
736 1036 820 1060 torus
841 1036 909 1058 roto
928 1038 935 1056 :
954 1025 1152 1058 immutabilis
1174 1025 1263 1058 etiam
1289 1026 1330 1058 ita
1350 1025 1434 1068 quod
1450 1027 1606 1071 postquam
1624 1029 1665 1060 est
1679 1038 1729 1060 aut
1742 1027 1811 1066 fuir,

332 1087 394 1109 non
410 1076 505 1119 potest
521 1086 585 1108 non
601 1072 658 1107 effe
671 1083 794 1116 propter
809 1072 908 1104 causas
923 1069 1077 1115 praedieias
1094 1083 1104 1108 ς
1117 1070 1313 1105 immutabilis
1329 1070 1416 1104 tertio
1425 1072 1465 1106 ita
1474 1071 1559 1115 quod
1567 1073 1810 1117 quandocunque

331 1123 382 1161 est,
397 1133 462 1154 non
480 1120 577 1165 potest
591 1130 655 1152 non
671 1118 728 1150 effe
744 1127 801 1162 pro
818 1127 902 1156 tunc,
925 1115 974 1149 sed
990 1114 1102 1150 necesse
1115 1115 1153 1149 est
1168 1126 1236 1149 eam
1253 1115 1308 1150 effe
1322 1128 1378 1161 pro
1393 1127 1474 1155 tunc,
1500 1115 1570 1150 sicut
1586 1119 1617 1153 ὅ(
1635 1118 1715 1151 suam
1725 1129 1810 1153 men-

330 1167 436 1200 suram.
464 1168 547 1200 Sicut
562 1166 642 1199 enim
658 1161 824 1207 quamlibet
847 1173 910 1194 rem
934 1160 1194 1194 mutabilissimam
1222 1164 1419 1196 mensuratam
1437 1161 1654 1197 fluxibilissimo
1672 1175 1810 1208 tempore

331 1213 379 1245 vel
394 1212 511 1246 instanti
524 1235 533 1251 ‚
555 1209 679 1255 quando
701 1209 760 1247 est,
783 1208 897 1241 necesse
911 1209 950 1241 est
965 1207 1041 1246 esse,
1066 1207 1097 1241 ἃ
1114 1207 1240 1252 quando
1258 1208 1462 1247 mensuratur,
1486 1219 1545 1251 pro
1561 1218 1634 1243 tunc
1647 1210 1810 1243 neceslario

330 1258 513 1291 mensuratur
529 1254 699 1289 necessitate
714 1255 854 1299 sequente
869 1264 878 1287 ἱ
896 1253 935 1286 fic
953 1254 984 1288 ὅ(
1000 1252 1163 1297 quamlibet
1175 1253 1334 1286 ‘actionem
1358 1253 1658 1288 immutabilissi'mam
1679 1257 1737 1291 Dei
1753 1257 1812 1288 im-

330 1302 547 1337 mutabilissimi
566 1299 766 1334 mensuratam
785 1300 948 1332 aeternitate
963 1298 1251 1336 immutabilissima,
1268 1298 1392 1342 quando
1408 1300 1467 1338 est,
1489 1298 1601 1332 neccsse
1616 1301 1655 1333 est
1677 1299 1732 1333 eise
1743 1325 1752 1339 ,
1778 1301 1810 1335 ὅ(

329 1348 453 1393 quando
469 1349 666 1384 mensuratur,
690 1343 851 1379 neceffiirio
867 1345 1065 1377 mensuratur.
1097 1344 1273 1385 Qiomodo
1287 1355 1416 1388 namque
1431 1345 1647 1378 rationabiliter
1661 1344 1810 1380 affirman-
1820 1345 1850 1378 C

330 1396 405 1428 dum
421 1392 588 1427 mensuram
598 1390 847 1425 fluxibilissimam
863 1401 944 1423 nunc
958 1391 1076 1434 plenam
1095 1388 1327 1433 quodammodo
1337 1387 1559 1424 fluxibilissimo
1573 1392 1743 1424 mensurato
1757 1403 1810 1424 ne-

331 1439 454 1473 cellario
464 1450 517 1482 pro
527 1450 606 1471 nunc
615 1438 667 1471 illo
675 1437 795 1479 repleri.
811 1437 841 1470 ἁ
858 1434 1029 1468 mensuram
1039 1434 1238 1468 firmissimam
1249 1446 1328 1469 nunc
1342 1435 1462 1478 plenam
1477 1435 1710 1479 quodammodo
1727 1448 1808 1469 men-

330 1486 431 1518 surato
449 1483 619 1518 firmissimo
635 1481 718 1527 posse
732 1492 787 1526 pro
804 1492 884 1513 nunc
900 1479 937 1514 ab
954 1481 1006 1513 illo
1024 1480 1153 1514 totaliter
1168 1483 1285 1514 vacuari
1304 1486 1313 1510 Ξ
1338 1481 1501 1513 AEternitas
1509 1482 1599 1526 igitur
1608 1483 1808 1515 neceisitatem

328 1530 545 1575 praeseniialem
571 1531 734 1572 importat,
759 1526 904 1572 qualitur
926 1527 1040 1571 ipsam,
1065 1526 1102 1558 sic
1127 1529 1158 1560 δι
1182 1537 1291 1564 omne,
1311 1526 1396 1569 quod
1420 1527 1460 1559 est
1482 1527 1512 1559 in
1535 1537 1585 1563 ea,
1605 1528 1672 1570 quia
1695 1529 1811 1572 semper

329 1574 582 1620 [ptaesentialiter]
603 1575 644 1608 est
662 1575 692 1607 in
709 1584 756 1609 ea,
780 1570 893 1606 necesse
908 1573 947 1605 est
962 1571 1027 1605 effe.
1049 1572 1093 1605 Vt
1107 1581 1207 1604 autern
1224 1570 1444 1648 haecFraedi&a
1461 1570 1498 1604 de
1513 1573 1584 1605 Deo
1600 1583 1725 1612 aeterno,
1739 1575 1811 1607 eius-

328 1633 389 1665 que
402 1620 573 1655 actionibus
588 1619 753 1653 intrinsecis
767 1618 924 1651 coaeternis
934 1642 943 1654 ,
965 1617 1091 1661 ipfisque
1107 1615 1275 1651 actionibus
1307 1618 1395 1649 uturis
1410 1616 1562 1660 semperin
1571 1620 1733 1651 aeternitate
1740 1631 1812 1662 prae-

327 1667 457 1701 sentibus
470 1689 479 1704 ,
501 1671 531 1698 δι
548 1665 618 1699 ideo
634 1663 812 1704 necessariis,
829 1674 862 1697 vt
878 1664 943 1697 sunt
959 1663 1020 1700 ibi,
1045 1664 1194 1697 maiorum
1212 1664 1389 1700 testimoniis
1405 1673 1502 1707 magis
1515 1662 1707 1701 confirmem,
1734 1666 1811 1698 Eece

145 1725 258 1754 Hermu,
328 1714 461 1747 Hermes
478 1713 525 1745 De
542 1711 636 1745 verbo
651 1721 765 1744 aeterno
778 1720 832 1755 43.
851 1713 903 1754 qui
921 1707 957 1742 fic
970 1713 1010 1743 ait
1027 1723 1037 1747 ς
1055 1708 1129 1741 Haec
1147 1709 1211 1745 tria,
1233 1710 1442 1745 Heimarmene‚
1459 1710 1636 1749 necessitas,
1656 1708 1748 1748 ordo,
1759 1711 1810 1743 vel

148 1766 250 1792 κμμῦμ.
328 1758 458 1793 maxime
476 1768 550 1790 nutu
568 1757 625 1790 Dei
641 1755 709 1790 sunt
728 1754 852 1792 effestm
871 1766 938 1799 quae
954 1754 1102 1788 mundum
1123 1753 1292 1799 gubernant
1306 1751 1355 1787 sua
1371 1753 1437 1797 lege
1452 1754 1483 1788 ἂ
1496 1755 1613 1788 ratione
1628 1753 1730 1788 diuina
1745 1767 1753 1790 i
1770 1755 1809 1789 ab

329 1804 375 1837 his
392 1814 466 1848 ergo
482 1814 576 1836 omne
591 1801 664 1836 velle
678 1812 727 1835 aut
741 1800 824 1834 nolle
843 1799 988 1832 diuinitus
1004 1799 1161 1834 aduersum
1177 1799 1216 1832 est
1232 1809 1331 1831 toturn
1344 1823 1353 1838 ,
1374 1798 1437 1833 haec
1456 1799 1501 1832 ira
1526 1811 1590 1832 non
1607 1811 1811 1835 commouen-

330 1860 453 1888 tut‚nec
469 1849 629 1881 fleetuntur
637 1848 744 1892 gratia,
770 1846 819 1879 sed
836 1845 965 1878 seruiunt
981 1844 1141 1879 necessitati
1157 1846 1281 1878 rationis
1289 1855 1416 1882 aernnae,
1431 1856 1497 1888 quae
1510 1846 1812 1880 aeternitasinauersa-

144 1891 291 1930 Ecclefiasti-
328 1894 414 1935 bilis,
439 1893 625 1933 immobilis,
643 1899 674 1926 8(
688 1890 915 1926 insolubilisest.
947 1890 1281 1927 Ecce&Ecclefiasticus
1295 1901 1348 1933 42.
1363 1889 1496 1934 quidicit
1507 1915 1514 1927 ‚
1532 1891 1812 1935 CognouirDomi-
1825 1897 1853 1931 D

145 1943 194 1961 cus.
327 1953 385 1974 nus
394 1951 520 1973 omnem
529 1939 689 1976 scientiam,
699 1942 729 1973 δι
737 1932 900 1980 inspexitiu
911 1935 1025 1980 signum
1035 1936 1138 1974 aeui,i'd
1147 1936 1195 1972 est,
1211 1935 1330 1979 signum
1339 1934 1389 1967 seu
1397 1935 1681 1970 instansaeternitatis
1698 1948 1707 1971 ὅ
1720 1942 1752 1969 8(
1767 1936 1810 1971 se·

145 1999 158 2037 Η
173 1997 291 2027 occulto·
328 1989 440 2031 quitur,
463 1985 658 2017 Annuntians
675 1994 744 2028 quae
758 1984 981 2026 praeterierunt,
1001 1988 1032 2032 ὃς
1048 1993 1113 2026 quae
1127 1981 1214 2025 super
1228 1991 1352 2015 ventura
1367 1983 1433 2014 sunt
1453 1982 1588 2015 reuelans
1604 1983 1724 2027 vestigia
1739 1982 1753 2008 ΙΙ
1761 1983 1811 2024 la-

146 2048 215 2068 rum.
327 2032 456 2064 culorum.
500 2031 576 2063 Non
594 2030 722 2074 praeterit
744 2028 830 2060 illum
845 2029 948 2060 omnis
965 2038 1131 2071 cogitatus,
1159 2033 1186 2060 St
1206 2039 1268 2059 non
1282 2026 1437 2059 abscondit
1451 2027 1479 2058 le
1491 2026 1528 2058 ab
1542 2039 1580 2060 eo
1595 2027 1673 2061 vllus
1688 2027 1782 2060 sermo
1798 2041 1808 2061 ε

330 2076 486 2121 Magnalia
494 2075 642 2118 sapientiae
651 2073 705 2108 suae
713 2073 880 2112 decorauit,
895 2085 961 2116 quae
970 2074 1008 2105 est
1016 2083 1085 2105 ante
1094 2072 1231 2105 saeculum
1241 2073 1270 2106 ἂ
1281 2073 1316 2102 vs
1316 2075 1409 2113 quein
1420 2070 1577 2112 saeculum,
1590 2084 1646 2106 nec
1657 2073 1810 2107 adiectum

330 2123 370 2154 est
380 2133 435 2155 nec
443 2121 611 2158 minuetur,
620 2126 650 2153 δε
661 2131 723 2151 non
734 2129 800 2162 eget
809 2119 931 2152 alicuius
942 2117 1087 2156 consilio,
1103 2119 1250 2161 quoni-im
1270 2116 1470 2151 desiderabilia
1486 2117 1552 2151 sunt
1565 2121 1669 2151 omnia
1676 2130 1768 2163 opera
1781 2131 1810 2151 e-

329 2169 421 2206 ius,&
430 2176 574 2210 tanquam
582 2165 705 2199 scintilla
715 2176 775 2208 que
791 2164 831 2197 ess
847 2162 1044 2197 considerare.
1063 2165 1182 2197 Omnia
1192 2163 1255 2195 haec
1270 2165 1376 2195 viuunt
1393 2168 1424 2196 3<
1434 2165 1593 2197 manentin
1609 2164 1743 2206 seculum
1755 2188 1763 2202 ‚
1779 2164 1810 2199 δι

145 2220 256 2249 Boetius.
329 2215 359 2247 in
369 2212 455 2244 omni
464 2210 634 2245 necessitate
643 2209 812 2244 obaudiunt
822 2211 858 2241 ei.
878 2209 990 2242 Ecce&
1000 2210 1095 2252 magis
1102 2207 1232 2255 exprcffi:
1240 2209 1375 2246 Boetius,
1384 2210 1433 2252 qui
1440 2219 1468 2252 5.
1477 2208 1514 2242 de
1523 2208 1728 2243 consolatione
1740 2208 1811 2242 Phi-

329 2257 490 2302 losophiae,
500 2255 585 2301 prosa
594 2257 647 2288 vlt.
658 2257 722 2301 post
731 2253 821 2288 verba
830 2255 876 2287 sua
884 2253 921 2286 de
929 2256 1091 2287 aeternitate
1107 2256 1197 2298 capit.
1215 2255 1356 2298 proximo
1369 2255 1491 2287 recitata
1505 2254 1677 2288 immediate
1693 2254 1811 2289 iubiun-

330 2306 373 2349 git
390 2317 401 2342 ;
417 2305 578 2345 Qioniam
595 2301 686 2345 igitur
699 2311 794 2333 omne
810 2300 951 2332 iudicium
967 2299 1131 2333 secundum
1146 2300 1188 2334 sui
1204 2310 1339 2332 naturam
1356 2310 1423 2344 quae
1437 2298 1491 2332 fibi
1508 2299 1636 2334 subiecta
1652 2302 1719 2333 sunt
1728 2311 1812 2333 cotn-

331 2348 491 2393 prehendit
513 2362 525 2387 3
546 2347 587 2380 est
602 2358 702 2381 autem
725 2347 796 2380 Deo
812 2347 928 2388 semper
942 2355 1068 2378 aeternus
1082 2356 1116 2378 ac
1137 2346 1340 2388 praesentarius
1355 2346 1459 2383 status,
1480 2344 1597 2379 scientia
1612 2357 1735 2391 quoque
1749 2346 1810 2379 eius

332 2404 460 2428 omnem
469 2394 613 2436 temporis
627 2393 656 2424 su
681 2392 806 2435 ergressa
820 2392 989 2423 motionem
1004 2392 1035 2424 in
1052 2389 1108 2425 suae
1122 2400 1222 2423 manet
1239 2389 1422 2433 fimplicitate
1435 2387 1613 2434 praesentiae,
1636 2391 1812 2438 infinitaque

333 2440 473 2484 praeteriti
490 2449 524 2470 ac
541 2437 630 2470 futuri
651 2403 750 2481 spacia
772 2436 995 2479 compkstens,
1024 2437 1128 2469 omnia
1149 2433 1229 2479 quasi
1252 2436 1311 2468 iam
1332 2446 1474 2480 gerantur
1486 2437 1516 2468 in
1533 2434 1580 2469 sua
1598 2435 1720 2481 simplici
1738 2448 1811 2479 cog·
1824 2441 1846 2473 Ε

334 2487 450 2518 uitione
467 2482 634 2517 considerat
652 2494 661 2514 :
684 2483 788 2525 Itaque
808 2480 827 2514 fi
843 2483 1027 2525 ptaesentiam
1041 2483 1160 2525 pensare
1177 2480 1269 2518 velis,
1292 2492 1350 2524 qua
1363 2483 1467 2515 cunsta
1482 2480 1647 2526 dignoscit,
1677 2494 1740 2516 non
1757 2483 1812 2515 esse

357 2529 546 2562 raestientiam
562 2527 644 2572 quasi
667 2526 781 2566 futuri,
806 2527 855 2559 scd
881 2524 1032 2560 scientiam
1051 2537 1204 2570 nunquam
1225 2525 1388 2559 deficientis
1404 2527 1546 2560 instantia
1561 2529 1668 2562 rectius
1684 2527 1812 2561 aestima-

334 2543 400 2614 gin
423 2574 517 2608 Vnde
531 2585 595 2606 non
609 2573 800 2616 praeuidentia
811 2596 820 2609 ,
844 2571 893 2605 sed
912 2572 1100 2615 prouidentia
1113 2573 1211 2616 potius
1224 2570 1350 2608 dicitur,
1374 2574 1445 2616 quia
1458 2583 1552 2616 porro
1568 2574 1585 2605 a
1599 2573 1687 2607 rebus
1701 2571 1812 2606 infimis

335 2620 498 2654 constituia
515 2617 599 2663 quasi
611 2617 648 2651 ab
664 2617 781 2651 excelso
803 2628 899 2650 retum
917 2619 1074 2651 cacumine
1089 2619 1192 2651 cuncta
1208 2614 1366 2661 prospiciat
1381 2631 1391 2655 ;
1410 2617 1452 2650 lta
1466 2619 1555 2662 igitur
1570 2622 1676 2653 cuneta
1689 2617 1813 2662 despici-

335 2676 401 2703 ρης,
417 2664 447 2697 id
457 2666 507 2701 est,
523 2664 663 2697 deorsum
679 2662 827 2706 speciens,
850 2663 880 2695 id
895 2663 955 2701 est,
969 2663 1073 2696 videns
1087 2664 1206 2696 diuinus
1222 2663 1345 2695 intuitus
1356 2686 1366 2701 ‚
1383 2662 1556 2706 qualitatem
1570 2674 1668 2697 rerum
1686 2664 1813 2696 minime

337 2710 491 2754 perturbat
506 2709 584 2752 apud
600 2712 629 2740 ie
645 2708 767 2751 quidem
784 2708 969 2752 praesentium
980 2732 991 2749 ,
1013 2708 1050 2741 ad
1074 2707 1280 2741 conditionem
1296 2718 1367 2741 veto
1381 2710 1524 2752 temporis
1543 2709 1722 2742 futurarum.
1751 2707 1814 2742 Vbi

338 2756 368 2790 ἃ
385 2756 461 2788 infra
480 2766 516 2787 ex
533 2754 588 2786 hac
628 2753 758 2787 taesentia
773 2755 943 2787 futurorum
956 2755 986 2786 in
996 2756 1155 2787 aeternitate
1164 2752 1244 2798 apud
1259 2753 1463 2796 cognitionem
1479 2753 1610 2788 diuinam
1629 2754 1753 2787 similem
1764 2763 1815 2786 ne-

339 2799 474 2835 cessitate
482 2766 647 2839 concludis
658 2800 915 2843 Nulla,inquiens,
923 2800 1079 2834 necessitas
1088 2800 1169 2842 cogit
1178 2797 1314 2832 incedere
1322 2797 1475 2832 voluntate
1481 2799 1815 2843 gradientem,quamuis

340 2856 410 2878 cum
419 2855 483 2878 tuin
494 2857 563 2878 cum
571 2844 713 2892 graditur,
720 2845 859 2880 incedere
869 2842 1029 2879 ucceffarit'i
1037 2842 1083 2884 fin
1090 2845 1170 2878 code
1177 2845 1265 2889 igitur
1274 2842 1404 2883 modo‚fi
1413 2844 1484 2889 quid
1489 2845 1681 2889 prouidentia
1687 2843 1815 2921 μείξεις

1733 2901 1764 2923 vi
1787 2897 1815 2922 et
