1985 3130
225 178 287 224 86
290 189 324 238 4.
742 165 910 214 Thomae
929 161 1218 213 OEradwardini
1667 161 1708 212 L
1721 182 1734 211 i
1750 182 1792 212 Β.
1804 180 1841 227 3.

308 273 401 307 quini
412 260 584 294 determino
594 261 610 292 ὲ
617 269 678 301 quo
687 256 828 290 fastionis
838 255 869 287 ὃ(
878 254 1054 288 mutationis
1061 252 1112 287 siat
1120 263 1184 284 non
1192 252 1325 285 futurum
1335 277 1344 290 ,
1358 251 1410 284 nifi
1418 263 1470 296 per
1479 251 1663 296 positionem
1679 254 1741 288 eius
1748 258 1779 289 in
1799 266 1830 298 Α

310 307 379 340 eisc.
405 308 479 339 Ecce
487 305 583 339 adhuc
593 304 763 345 exemplum
772 300 941 333 euidentius
949 298 1072 332 forsitan
1079 297 1117 331 ad
1124 296 1185 330 hoc
1194 296 1292 336 idem,
1303 297 1436 341 Aliquid,
1453 308 1559 343 nempe
1570 309 1631 332 non
1641 300 1789 339 futurum.

311 355 406 397 potest
419 352 479 385 fieri
488 352 640 383 futurum:
662 350 704 380 Sit
713 349 793 380 enim
803 347 842 378 A.
853 344 976 378 effeetus
986 343 1130 389 possibilis
1139 342 1213 379 ficti,
1224 344 1348 386 quinon
1357 343 1408 375 fiet
1417 352 1425 376 3
1434 343 1472 378 ἂ,
1487 342 1560 377 sieut
1568 342 1692 387 quilibet
1699 345 1791 379 eonfi-

314 409 405 436 tetui,
417 398 500 429 Deus
509 396 546 427 de
555 397 604 427 sua
612 394 746 438 potentia
755 390 887 424 absoluta
896 392 993 433 potest
1002 389 1100 422 facere
1109 388 1196 433 quod
1208 388 1246 420 A.
1258 390 1311 421 erit
1326 400 1335 424 ;
1353 399 1443 432 quare
1453 393 1482 421 ὃ(
1492 389 1576 432 quod
1585 400 1647 422 non
1662 391 1701 424 est
1710 389 1791 425 futu-

316 455 395 479 rum.
404 440 460 475 esse
469 441 613 476 futurum,
621 439 669 472 sed
679 448 743 470 non
755 438 885 469 faaione
894 436 1040 475 mutabili,
1047 434 1192 470 initiabili,
1201 443 1252 465 aut
1261 432 1439 466 terminabili
1449 434 1522 477 saepe
1531 433 1626 467 dieta:
1642 445 1712 467 nam
1720 446 1792 470 con-

318 488 453 522 tradifflo
459 498 526 519 nem
536 485 668 529 implicat
677 482 842 520 euidenter,
851 480 934 524 quod
941 481 1053 525 aliquid
1062 478 1224 523 aliquando
1235 476 1268 511 sit
1277 478 1407 511 futurum
1418 502 1428 518 ‚
1442 478 1472 512 ἂ
1482 480 1594 522 semper
1602 479 1648 513 vel
1657 480 1794 525 aliquan—

316 534 357 567 do
367 534 446 577 prius
455 532 509 564 fuit
519 542 582 562 non
593 530 737 565 futurum,
756 526 985 560 sicutdecimum
994 529 1135 559 ostauum
1144 524 1228 557 huius
1237 522 1374 556 ostendit.
1399 525 1482 557 Sicut
1490 526 1578 568 igitur
1584 535 1645 557 nou
1656 525 1792 561 futurum

338 579 411 611 otest
421 577 481 610 sieri
490 575 673 614 futurum&
683 576 815 606 {uturum
825 582 888 604 non
896 570 1027 604 fututum
1036 572 1145 614 absque
1153 568 1303 611 positione
1310 570 1371 601 eius
1385 570 1415 601 in
1424 568 1479 601 esse
1488 570 1618 603 §afflone
1626 582 1691 603 non
1700 582 1796 607 mura-

315 591 370 656 {ili
382 622 429 655 sed
439 620 543 660 stabili,
552 620 589 653 sic
600 625 630 651 Bc
641 621 824 663 praetetitum
833 628 894 650 nou
905 619 1085 661 praetetitum
1096 614 1282 648 similimodo
1292 615 1400 659 potest.
1424 614 1501 647 Non
1511 626 1584 658 ergo
1592 615 1732 659 sequitur,
1756 616 1794 649 si·

320 667 569 704 cutobijciebatut
578 664 724 709 superius,
733 662 753 695 si
764 664 910 706 ptaeterita
918 663 1038 705 possunt
1047 663 1098 694 isla
1105 662 1239 704 poicnria
1246 671 1307 692 non
1317 657 1399 691 fuisse
1407 684 1416 699 ‚
1436 659 1519 702 quod
1529 671 1581 704 pet
1595 663 1795 695 mutationem

147 732 158 767 Η
171 728 283 767 fitlmffi„
321 713 512 764 hocillwffim'
525 722 595 744 :nec
605 712 694 743 etiam
703 710 848 758 sequitur,
872 706 1046 758 sipraeterita
1058 704 1242 751 poffuntesse
1262 715 1312 736 aut
1323 703 1385 737 fieti
1400 716 1461 737 non
1476 707 1639 748 praeterita,
1656 706 1796 751 expedire

146 771 197 799 bile

324 758 501 792 hominibus
511 756 654 789 consiliari
664 755 700 787 de
710 757 778 798 ipsis
790 763 873 791 trion
881 762 962 785 enim
971 763 1062 786 omne
1071 750 1152 796 quod
1161 750 1254 794 potest
1263 750 1320 783 esse
1328 760 1379 782 aut
1389 749 1462 789 fieri,
1471 751 1529 783 hoc
1539 753 1634 795 potest
1643 763 1695 796 per
1703 752 1796 786 confi.

322 807 396 839 lium
406 804 565 836 hominum
574 803 779 846 potentiamne
788 798 964 831 humanam.

360 847 511 883 Vicesima
519 845 646 880 secunda
655 848 760 879 vetitas
768 844 851 882 dicit,
862 844 946 887 quod
956 853 999 875 res
1007 840 1101 874 futura
1110 853 1170 874 non
1181 841 1278 885 potest
1287 851 1350 872 non
1366 839 1432 873 fore
1441 864 1449 878 ,
1465 852 1518 874 nec
1536 842 1658 885 ptaesens
1676 851 1756 873 nunc
1765 841 1797 876 ὅ(

325 906 383 940 pro
394 904 471 928 nunc
479 904 540 925 non
550 891 620 930 esse,
629 902 683 924 nec
691 897 833 935 praeterita
842 899 903 921 non
915 885 1006 924 inisse,
1021 886 1199 930 accipiendo
1208 883 1474 928 correspondentei·
1484 888 1644 930 potentiam
1662 891 1712 920 16.
1727 896 1799 919 veri—
1825 900 1849 933 Β

325 943 377 976 (ω
385 964 392 975 ,
416 951 480 984 quae
492 938 529 970 sic
538 938 686 971 intellecta
695 948 732 970 ex
739 934 842 968 eadem
856 938 905 965 16.
917 931 1204 978 sequitureuidenter
1212 956 1221 970 ,
1234 930 1295 963 hoc
1304 941 1367 964 vno
1376 930 1519 965 adiunao
1529 956 1538 969 ,
1558 932 1644 975 quod
1659 931 1802 966 voluntas

324 987 427 1020 diuina
437 987 476 1018 cst
485 985 571 1016 causa
582 982 749 1018 necessaria,
758 979 864 1013 scilicet
873 977 1079 1011 inftrissrabilis
1087 984 1118 1011 sc
1138 974 1345 1010 indefectibilis
1353 977 1383 1008 in
1391 977 1539 1010 causando
1547 1000 1556 1014 ‚
1571 977 1802 1011 sicutdecimum

323 1033 412 1076 primi
423 1029 513 1063 docet
525 1043 535 1068 ·‚
558 1029 658 1062 Potest
668 1029 763 1060 etiam
772 1025 834 1059 haec
841 1023 957 1058 oslendi
965 1034 1002 1058 ex
1011 1024 1108 1068 prima
1116 1033 1200 1067 parte
1209 1023 1348 1064 negatiua
1359 1031 1371 1052 1
1379 1022 1409 1053 8.
1418 1024 1562 1055 veritatis.

366 1073 515 1111 Vicesima
525 1075 612 1107 tertia
619 1076 726 1106 veritas
733 1069 870 1104 extribus
878 1072 980 1112 primis
988 1067 1119 1113 partibus
1133 1079 1179 1113 ¹7·
1190 1068 1266 1100 clare
1277 1078 1370 1110 paret,
1378 1066 1439 1099 hoc
1448 1066 1652 1111 addito,quod
1660 1066 1802 1100 voluntas

329 1122 434 1154 diuina
444 1120 476 1153 sit
484 1119 683 1153 infrustrabilis
693 1119 723 1152 ὅ(
733 1113 936 1150 indesee'tibilis
945 1117 975 1148 in
983 1111 1139 1148 caussndo:
1149 1112 1277 1158 sequitur
1285 1113 1372 1146 etiam
1380 1123 1416 1144 ex
1425 1112 1728 1158 correspondentibus
1736 1123 1803 1156 par-

330 1168 410 1201 tibus
420 1164 470 1199 18.
479 1167 621 1198 veritaris.

381 1209 529 1246 vicesima
539 1220 644 1254 quarta
652 1220 688 1242 ex
695 1208 797 1240 vltima
805 1216 886 1251 parte
899 1216 907 1238 i
916 1217 944 1245 7.
954 1203 1084 1249 sequitur
1091 1201 1317 1242 manifeste‚hoc
1325 1213 1388 1234 vno
1397 1203 1687 1247 coassumpto‚quod
1696 1202 1806 1236 volun·

333 1269 374 1291 ras
382 1258 482 1290 diuina
492 1258 530 1289 cst
538 1255 620 1288 causa
630 1252 798 1291 neceffiri'a,
805 1252 834 1284 id
845 1252 898 1288 est,
906 1252 1066 1284 necessario
1075 1249 1214 1291 requisita
1221 1248 1258 1280 ad
1266 1248 1328 1279 hoc
1336 1249 1418 1289 quod
1428 1249 1540 1292 aliquid
1549 1249 1583 1281 fit
1590 1250 1807 1293 futurum,ptae-

331 1302 407 1340 sens,
416 1302 464 1334 vel
473 1302 662 1345 praetetitutn,
673 1298 745 1331 sicut
755 1299 906 1331 decimum
916 1306 1053 1340 quartum
1065 1294 1221 1328 &nonum
1230 1294 1317 1336 primi
1334 1292 1537 1326 demonstrant
1551 1306 1559 1325 =
1584 1294 1661 1327 Haec
1669 1294 1758 1327 etiam
1769 1304 1808 1326 ex

331 1349 436 1381 vltima
445 1357 526 1389 parte
536 1345 674 1388 negatina
685 1342 903 1377 i8.0stend1tur
912 1339 1077 1374 manifeste.
1099 1337 1273 1372 Secundum
1288 1337 1352 1371 haec
1366 1349 1465 1371 autem
1481 1340 1578 1383 potest
1592 1339 1808 1373 conuenienter

329 1393 494 1436 intelligi&
501 1392 612 1434 exponi
622 1391 696 1422 illud
706 1389 863 1432 vulgatum
873 1385 1059 1430 Philosophi,
1067 1384 1130 1417 Esse
1139 1382 1225 1430 quod
1234 1383 1411 1427 cst‚quando
1419 1385 1469 1421 est,
1478 1386 1507 1418 ὅ(
1517 1395 1578 1416 non
1585 1383 1642 1417 esse
1649 1384 1733 1429 quod
1743 1395 1807 1417 non

330 1441 382 1475 est,
392 1436 518 1483 quando
529 1447 588 1468 non
599 1437 648 1473 est,
657 1432 770 1468 necesse
776 1435 827 1471 est,
835 1439 864 1468 &
873 1431 985 1465 similia.
1011 1429 1099 1463 Dista
1110 1439 1210 1462 tamen
1218 1427 1374 1467 Auen-uis,
1382 1429 1434 1461 Hu
1440 1430 1527 1473 gonis
1539 1452 1547 1465 ,
1565 1430 1595 1464 ὀ(
1605 1429 1685 1463 Petri
1694 1429 1743 1462 hic
1751 1427 1805 1463 ob·
1817 1436 1850 1472 C

332 1486 408 1517 iesta
422 1493 505 1516 erant
512 1480 643 1525 exposita
651 1479 732 1513 sexto
741 1478 839 1511 huius.
862 1477 936 1512 lllud
944 1485 1073 1522 quoque
1080 1472 1273 1518 Philosophi,
1294 1471 1314 1505 fi
1322 1475 1426 1506 omnia
1434 1486 1471 1508 ex
1481 1475 1652 1507 necessitate
1658 1475 1747 1509 essent
1755 1484 1807 1507 aut

333 1529 451 1570 fierent,
460 1539 521 1560 non
531 1537 669 1571 oportere
676 1523 835 1562 consiliati,
844 1533 939 1567 neque
947 1519 1341 1565 negotiari,fuitexpofitum
1348 1518 1488 1552 vicesimo
1497 1529 1582 1553 nono
1593 1518 1680 1552 huius
1691 1521 1807 1564 :potest

332 1577 421 1607 etiam
430 1582 646 1606 conuenienter
652 1573 778 1615 exponi,
788 1568 872 1614 quod
880 1568 1019 1610 intelligit
1027 1565 1069 1599 ibi
1083 1566 1121 1598 de
1129 1563 1300 1598 necessitate
1313 1566 1461 1598 contraria
1470 1564 1501 1599 δι
1516 1575 1700 1609 repugnante
1715 1565 1810 1609 possi·

331 1619 436 1653 bilitati
444 1619 474 1652 ὅ(
483 1619 694 1661 contingentiae
702 1614 879 1660 ptaecedenti
886 1611 967 1649 ,sicut
977 1615 1006 1645 in
1015 1610 1182 1644 ostensione
1189 1621 1279 1643 nonae
1289 1611 1420 1642 veritatis
1428 1620 1558 1655 apparet.
1575 1610 1727 1644 similibus
1735 1620 1810 1654 quo-

332 1677 392 1709 que
401 1664 501 1698 modis
510 1664 604 1707 potest
612 1663 724 1706 exponi
734 1660 847 1693 dictum
855 1659 985 1692 eiusdem
995 1655 1171 1699 Philosophi
1178 1665 1215 1688 ex
1225 1665 1255 1700 3.
1266 1654 1335 1687 Eth.
1346 1654 1509 1689 obicstum.
1527 1655 1596 1687 Alia
1604 1660 1693 1689 etiam
1704 1654 1810 1688 similia

333 1711 462 1755 plutima
471 1719 579 1752 reputo
588 1707 720 1741 similiter
727 1703 916 1748 exponenda
938 1702 1142 1746 Perpraemissa
1150 1700 1281 1733 similiter
1289 1700 1408 1744 posl'unt
1417 1702 1511 1738 Deus,
1523 1700 1661 1734 Christus
1670 1725 1679 1738 ,
1693 1707 1725 1735 δε
1735 1700 1810 1733 Pro-

332 1756 444 1800 pherae,
451 1756 500 1798 qui
508 1753 707 1797 praedixerunt
716 1752 816 1793 aliqua
824 1748 920 1783 adhuc
928 1749 1039 1786 futura,
1060 1749 1076 1780 ἒι
1087 1746 1202 1780 fallacia
1212 1770 1222 1785 ‚
1229 1745 1401 1785 mendacio,
1410 1747 1441 1779 ἃ
1449 1745 1486 1777 ab
1494 1746 1580 1779 omni
1587 1747 1810 1779 inconuenienti

333 1800 454 1834 defendi
464 1815 474 1838 ·,
483 1801 551 1843 quia
563 1798 631 1831 sicut
640 1798 687 1830 illa
697 1794 798 1829 futura
806 1795 926 1840 possunt
935 1794 1100 1827 nullatenus
1107 1795 1238 1832 euenire,
1262 1790 1300 1823 sic
1309 1790 1404 1824 &111ae
1413 1791 1602 1825 reuelationes
1614 1814 1623 1830 ,
1636 1790 1810 1835 promissio-

334 1857 398 1881 nes.
407 1846 580 1881 jurationes,
590 1845 619 1878 ὅ(
631 1842 842 1887 praedifflones
850 1841 1002 1884 ptaeteritae
1012 1850 1075 1872 non
1083 1835 1177 1872 fiiisse.

380 1889 530 1923 vicesima
546 1891 648 1933 quinta
661 1899 698 1921 ex
713 1888 866 1931 praemissis
882 1884 918 1918 de
934 1887 1094 1918 aetetnitate
1105 1881 1299 1927 consequitur
1306 1881 1467 1916 euidenter.
1489 1883 1538 1915 De
1557 1880 1662 1915 futuris
1677 1891 1809 1924 namque

334 1940 437 1970 contin
442 1933 720 1977 gentibus,quando
728 1931 801 1964 fient
810 1930 960 1975 praesentia
969 1940 1059 1974 atque
1066 1930 1277 1974 praeterita,erit
1285 1927 1480 1961 determinata
1488 1929 1591 1961 veritas
1599 1928 1679 1970 apud
1688 1928 1808 1966 Deum,

335 1987 365 2016 ὁ(
377 1993 437 2014 non
447 1991 517 2012 tunc
525 1981 625 2023 primo
636 1980 665 2011 ὃ(
675 1979 879 2020 nouiter,quia
888 1976 967 2017 apud
977 1976 1079 2008 Deum
1089 1974 1256 2012 intrinsece,
1265 1979 1294 2007 ὅ(
1305 1974 1335 2005 in
1346 1975 1508 2006 aeternitate
1523 1971 1596 2005 nihil
1605 1973 1685 2016 prius
1693 1983 1741 2005 aut
1749 1982 1808 2016 po-

336 2029 435 2060 sscri‘us
444 2024 616 2060 successiue,
625 2022 697 2055 nihil
707 2021 861 2056 mutabile,
870 2020 942 2053 nihil
951 2032 1077 2058 nouum,
1085 2019 1156 2051 sicut
1167 2019 1314 2063 praemissa
1321 2019 1449 2061 capitulo
1458 2018 1512 2050 islo
1522 2023 1553 2050 ὅ(
1561 2018 1706 2063 proximo
1715 2017 1807 2050 docu-

336 2081 432 2105 ciunt.
462 2072 534 2103 Item
546 2068 685 2101 voluntas
694 2068 801 2100 Deiest
809 2065 892 2099 causa
903 2068 1041 2098 omnium
1050 2064 1217 2097 futurorum
1233 2075 1286 2108 per
1294 2062 1443 2095 decimum
1477 2073 1592 2095 uartum
1602 2063 1711 2107 primi,
1723 2063 1754 2096 ὃ(
1763 2063 1808 2093 in-
1818 2045 1851 2080 D

337 2114 510 2151 frustrabilis
518 2126 552 2146 ac
562 2112 753 2146 immutabilis
764 2122 815 2155 per
821 2111 972 2144 decimum
981 2110 1011 2144 ὅ(
1025 2107 1196 2142 vicesimum
1206 2111 1325 2140 tertium
1334 2109 1437 2149 primi,
1492 2106 1555 2140 haec
1564 2106 1602 2139 est
1611 2107 1809 2140 determinata

338 2162 421 2206 apud
430 2163 541 2196 Deum,
553 2159 622 2192 sicut
631 2157 727 2190 nullus
738 2159 858 2200 ignorat
872 2157 919 2190 2&
928 2157 999 2199 quia
1008 2155 1046 2187 de
1055 2152 1243 2196 praesentibus
1253 2159 1283 2184 ες
1294 2154 1445 2193 praeteritis
1454 2152 1493 2184 est
1509 2152 1810 2195 determinara‚quare

337 2214 368 2243 δι
380 2208 417 2240 de
427 2206 531 2239 futuris
543 2204 690 2241 similiter,
707 2202 778 2235 sicut
786 2201 881 2245 potest
890 2200 1005 2233 ostendi
1014 2211 1066 2244 per
1075 2198 1344 2232 decimamtertiam
1355 2201 1385 2231 &
1399 2197 1548 2230 decimam
1559 2207 1692 2240 quartam
1702 2198 1811 2229 verita-

338 2264 391 2287 tes.
426 2253 500 2284 Item
508 2250 588 2294 apud
600 2251 699 2282 Deum
707 2249 746 2280 est
754 2247 948 2280 determinata
955 2246 1071 2278 seientia
1079 2245 1218 2277 omnium
1225 2241 1407 2278 fututorum,
1415 2243 1484 2285 quia
1491 2253 1543 2286 per
1551 2244 1668 2275 causam
1677 2241 1812 2275 determi—

338 2307 454 2335 natam,
464 2307 514 2338 per
524 2300 605 2327 suam
615 2292 928 2330 scilicctvoluntatem,
938 2301 1085 2334 perquam
1096 2289 1147 2322 scit
1155 2299 1203 2327 ea,
1210 2299 1243 2321 vt
1250 2288 1367 2320 decimo
1375 2290 1483 2321 oflauo
1491 2288 1577 2331 primi
1593 2288 1646 2320 fuit
1653 2288 1814 2324 ostensum,

339 2345 371 2378 ὅ(
379 2353 446 2386 quia
457 2341 528 2374 alias
538 2340 731 2373 Deus-certius
740 2337 821 2369 sciret
830 2335 982 2380 praesentia
991 2335 1021 2368 &
1038 2336 1182 2381 praeterita
1191 2345 1281 2378 quam
1295 2333 1394 2365 sutura
1403 2357 1411 2369 ‚
1428 2333 1525 2376 sicque
1532 2332 1645 2376 aliquid
1659 2331 1811 2365 accederet

341 2392 402 2421 eius
412 2387 538 2419 scientiae
546 2396 582 2418 ex
592 2384 678 2417 rebus
688 2384 879 2417 scitss,contra
889 2380 1061 2414 vicesimum
1071 2382 1191 2413 tertium
1200 2380 1334 2424 primi,&
1345 2377 1525 2410 tricesimum
1534 2378 1663 2420 primum
1673 2377 1768 2410 huius.
1780 2377 1807 2409 1—

342 2444 404 2467 tem
416 2434 519 2464 omnia
527 2429 590 2463 sunt
600 2427 711 2472 semper
721 2425 871 2471 praesentia
880 2429 908 2459 in
917 2428 1078 2460 aeternitate
1087 2427 1116 2460 ὅ(
1125 2425 1279 2457 intrinsece
1288 2422 1369 2468 apud
1379 2425 1490 2460 Deum,
1499 2422 1606 2456 scilicet
1615 2421 1812 2460 causaliter-‚si-

342 2489 393 2511 cut
403 2480 482 2511 osten
488 2477 528 2508 sio
536 2476 657 2509 decimae
666 2484 776 2517 quartae
784 2471 1156 2514 veritatisostendi‹;quai·e
1164 2469 1193 2504 ὅ(
1203 2469 1241 2502 de
1250 2468 1392 2502 omnibus
1400 2468 1470 2500 ficut
1481 2468 1517 2500 de
1528 2468 1731 2511 temporaliter
1739 2479 1817 2512 prae-

343 2524 483 2560 sentibus,
491 2522 685 2553 determinata
695 2516 825 2555 scientia,
834 2516 982 2549 certitudo
991 2516 1020 2550 ὅ(
1030 2518 1133 2548 vetitas
1142 2515 1221 2559 apud
1229 2525 1307 2547 eum.
1332 2513 1425 2546 Vnde
1439 2515 1625 2546 Ammonius
1635 2515 1718 2556 super
1729 2524 1740 2545 r
1748 2538 1753 2544 .
1762 2523 1815 2557 pe—

342 2571 365 2601 ri
376 2568 546 2600 hermenias
554 2566 606 2598 vlt.
631 2565 698 2596 Nec
708 2564 807 2599 Deos,
816 2564 921 2607 inquit,
937 2562 975 2594 ess
984 2560 1122 2605 possibile
1133 2571 1228 2604 neque
1243 2559 1498 2592 indeterminatam
1511 2569 1715 2602 cognitionem
1726 2557 1812 2591 desu—
1826 2574 1851 2605 E

342 2624 413 2646 iuris
424 2613 543 2647 habete,
566 2620 709 2651 tanquam
718 2610 916 2641 contestantes
926 2608 962 2640 de
979 2605 1047 2649 ipsis
1057 2616 1174 2650 ;pr1mo
1184 2605 1304 2649 quidem
1314 2615 1345 2637 vt
1355 2604 1490 2637 Timaeus
1500 2615 1557 2636 nos
1565 2604 1679 2642 docuit,
1689 2608 1718 2634 δε
1731 2614 1761 2635 Vt
1771 2604 1815 2635 A·

344 2658 485 2691 risle-icles
495 2656 723 2697 Theologizans
733 2655 915 2696 pronuntiat,
923 2657 952 2687 ὅ(
960 2662 1027 2686 ante
1037 2651 1093 2684 hos
1104 2650 1305 2687 Parmenides,
1323 2658 1383 2682 tam
1392 2649 1471 2694 apud
1489 2648 1643 2682 Platonem
1655 2673 1663 2685 ,
1680 2659 1769 2693 quam
1786 2651 1817 2680 in

344 2707 473 2746 propriis
482 2700 676 2736 carminibuii,
693 2698 782 2731 Nihil
791 2700 829 2730 est
838 2698 918 2741 apud
930 2699 1015 2730 Deos
1025 2708 1123 2740 neque
1132 2697 1308 2738 praetcritum
1320 2718 1328 2729 ,
1351 2706 1446 2738 neque
1459 2696 1589 2729 sumtum
1601 2717 1608 2730 ς
1629 2697 1772 2736 quoniam
1787 2705 1818 2725 v-

345 2758 480 2791 trumquc
490 2747 595 2779 horum
605 2745 644 2775 est
655 2753 716 2775 non
727 2755 777 2776 ens
788 2757 797 2781 ς
807 2743 865 2775 hoc
872 2743 990 2785 quidem
1000 2754 1061 2775 non
1071 2742 1199 2785 :implius
1210 2764 1217 2777 ‚
1234 2739 1295 2773 hoc
1303 2751 1403 2772 autem
1413 2751 1475 2771 non
1484 2739 1569 2777 dum,
1585 2744 1614 2773 ὅ(
1622 2737 1681 2771 hoc
1694 2738 1819 2785 quidem

347 2797 590 2826 transmutatum,
607 2788 665 2821 hoc
676 2800 774 2821 autem
786 2786 1082 2821 natumtransmiirati'
1094 2797 1104 2820 ς
1115 2797 1204 2830 quare
1213 2793 1241 2819 δε
1251 2787 1449 2819 conieffluam
1464 2786 1668 2827 cognitionem
1680 2784 1697 2816 ὲ
1711 2783 1778 2823 diis,
1788 2785 1819 2816 ὁὶ

347 2839 377 2870 in
395 2838 504 2871 vltimo
517 2835 669 2870 rationalis
683 2835 750 2869 vitre
766 2833 855 2872 abrici
869 2832 1056 2867 necessariam
1073 2846 1084 2871 ς
1098 2830 1216 2866 Deinde
1233 2830 1394 2875 quomodo
1411 2829 1462 2863 nisi
1471 2829 1625 2863 modicum
1634 2826 1822 2873 participabi-

1752 2883 1820 2905 mus·
