1985 3130
138 484 295 523 Philnsbphus.

141 665 295 705 Augustinus.

144 853 272 893 Psszlmista.

147 1813 160 1852 fl
173 1812 298 1842 fundauit.

146 2225 310 2304 ἐξῖῖῗημ.

204 2276 214 2290 θ
236 2275 247 2290 0
259 2275 293 2292 lb!-

149 2529 264 2558 Numeri,

150 2614 268 2649 Pfidmus.

151 2653 312 2690 Cas‘iodorm.

149 2692 304 2733 Augustinus.

791 160 840 208 ‘T
837 157 958 207 homae
973 155 1259 206 OEradwardim‘
1683 157 1724 206 L
1737 175 1749 206 1
1763 177 1845 224 ¹³·3·

319 255 603 301 necessitassequens
621 252 707 285 firma
725 259 734 283 Ξ
754 249 1081 285 Effeteniminfirmum
1100 250 1130 283 ὅ(
1148 249 1243 283 debile
1254 249 1556 282 tundamentumtam
1566 250 1647 283 facile
1657 250 1789 284 deseritis·
1817 256 1846 289 Α

319 314 397 339 rum,
415 314 446 335 Vt
456 313 533 334 nunc
544 303 573 335 ὁ(
583 309 638 343 pro
647 310 726 331 nunc
736 299 830 341 possit
839 295 963 329 deficere
972 301 1002 327 δέ
1013 306 1075 327 non
1087 293 1154 333 effe,
1169 294 1296 340 essetque
1311 294 1580 339 incomparabiliter
1596 295 1741 329 infirmius
1759 300 1789 334 ὅ(

318 349 444 382 debilius
454 347 648 380 iundamcmo
657 342 836 376 debilissimo
853 341 992 382 naturali,
1007 342 1091 384 quod
1107 352 1169 373 non
1180 340 1216 374 sic
1226 341 1331 385 potest.
1357 342 1455 385 Magis
1472 352 1569 374 autem
1578 340 1692 374 videtur
1700 343 1788 386 quod

320 406 371 437 per
381 395 457 425 hanc
467 393 653 425 locutionem
663 388 887 432 transumptam,
904 389 964 430 qua
974 388 1184 431 praelcientiam
1194 389 1264 426 Dei,
1283 386 1331 419 sen
1348 388 1568 430 praedeslinatos
1578 388 1715 421 nominat
1724 388 1788 422 fun.

320 441 507 472 damentum,
525 437 609 481 quod
620 436 658 467 cst
670 435 872 467 firmissimum
884 439 913 466 Sc
923 433 1196 465 immobiliisimum
1206 434 1356 470 omnium,
1373 432 1541 465 firmitatem
1553 434 1582 467 ὃ(
1595 432 1789 468 immobilita⁴

319 496 379 517 rem
393 484 515 515 similem
527 482 680 515 intellexit.
705 481 788 512 Nam
798 479 948 511 sicutdicit
961 478 1165 521 Philosophus
1182 484 1209 509 6.
1223 478 1305 520 Top.
1330 479 1496 511 Transsatio
1513 478 1696 511 iacitnotum
1714 491 1789 522 quot

320 529 487 562 dammodo
495 528 577 571 quod¹
590 525 785 570 significatum
802 525 841 556 est
857 535 908 569 per
927 523 1144 556 similitudinem
1161 538 1170 562 ς
1185 534 1291 555 omnes
1306 527 1385 555 enim
1395 523 1612 562 transferentes,
1627 525 1788 559 secundum

319 576 450 621 aliquam
462 573 679 607 similitudinem
689 574 868 604 transierunt
883 582 890 602 :
915 568 1127 609 Quamobrem
1139 570 1243 601 Gloila
1253 569 1335 606 dicit,
1354 570 1486 602 Firmum
1495 568 1721 603 fundamentum
1733 572 1790 605 Dei

321 621 386 657 star,
403 620 491 654 idest,
509 620 567 658 Illi,
586 617 753 662 quosDcus
763 616 861 659 elegit,
879 614 1150 649 &immobiliterin
1160 614 1217 647 fide
1228 613 1376 656 fundauit,
1396 613 1464 647 sicut
1481 620 1509 645 &
1526 613 1790 659 vicesimumsepti-

322 677 404 698 mum
414 665 500 698 huius
511 666 627 709 plenius
635 662 820 695 ostendebat.
847 661 975 705 Vnde&
987 662 1171 704 Augustinus
1190 663 1277 704 super
1291 660 1363 692 illud
1378 661 1482 693 Psalmi
1500 661 1628 699 secundi,
1646 661 1790 696 Firmauit

322 712 532 750 mbwnrerrae,
548 712 673 753 quinon
684 705 938 742 commonebitur,
957 706 1014 741 Est,
1031 709 1136 750 inquit,
1152 705 1571 741 orbisterrammimmobilisi
1589 706 1699 750 quiesi,
1717 706 1787 741 boni

323 760 372 801 qui
384 756 496 790 stabiles
506 754 568 787 sunt
578 767 606 786 in
619 754 688 787 fide.
717 753 849 785 Firmum
859 755 937 784 enim
948 751 1176 784 fundamentum
1187 754 1243 784 Dei
1252 751 1316 790 star,
1334 750 1446 785 habens
1456 750 1637 796 signaculum
1648 751 1703 785 hoc
1722 753 1788 786 No-

323 814 365 834 uit
377 804 530 835 Dominus
539 803 586 844 qui
597 799 661 833 sunt
670 810 730 832 eius
741 800 811 841 vste
819 800 857 829 est
866 799 947 830 orbis
955 808 1098 835 terrarum
1110 798 1162 841 qui
1172 809 1233 829 non
1243 797 1485 830 commonebitur
1502 809 1509 830 ς
1524 799 1561 829 est
1572 804 1601 830 δε
1610 797 1689 830 orbis
1699 810 1788 832 terra-

325 860 390 880 rum
407 847 540 884 mobilis,
554 848 604 889 qui
621 847 660 878 est
675 845 753 876 mali.
783 846 869 876 Hanc
883 845 974 875 etiam
993 842 1161 876 firmitatem
1177 844 1272 874 innuit
1290 843 1458 886 frequenter
1468 841 1614 875 Psalmista
1625 843 1677 874 sub
1693 854 1789 876 meta-

322 894 419 938 phora
428 892 621 928 fundamenti,
637 890 715 923 vnde
726 889 842 922 Psalmo
854 890 882 920 8.
896 888 1019 922 Videbo
1029 889 1122 921 coelos
1133 899 1201 920 tuos
1209 899 1299 931 opera
1313 888 1475 931 digitorum
1487 899 1621 926 tuorum,
1639 889 1749 922 lumina
1760 891 1789 925 t&

324 940 417 972 stellas
426 949 489 981 quae
499 948 529 971 tu
538 937 677 969 fundasti.
704 934 886 979 Superquod
898 931 1133 968 Damasccnusin
1151 935 1302 970 sententiis
1319 929 1373 967 suis
1390 945 1435 965 zi.
1449 945 1540 977 agens
1550 934 1587 965 de
1600 934 1738 972 Planetis,
1752 936 1789 967 sic

324 997 360 1019 ait
378 996 386 1019 3
404 985 539 1017 Currunt
551 982 635 1015 suum
644 978 977 1015 cursumincessibilem,
995 991 1084 1023 quem
1094 979 1235 1012 conditor
1243 981 1339 1013 statuit
1348 991 1401 1017 eis,
1417 981 1446 1013 ὀ(
1455 979 1712 1022 quemadmodum
1723 980 1790 1013 fun-

324 1032 406 1063 dauit
416 1040 515 1067 eos‚Vt
526 1040 566 1061 ait
574 1027 715 1062 Domino
725 1026 958 1065 Dauid‚Lunam
968 1026 998 1059 ἃ
1008 1026 1101 1058 stellas
1109 1036 1174 1069 qua:
1183 1035 1213 1056 tu
1223 1024 1360 1058 fundasti.
1385 1027 1465 1065 Qa
1475 1027 1553 1057 enim
1562 1024 1791 1065 dixii,fundasti‚

325 1075 499 1117 significauit
506 1075 691 1107 stabilitatem
703 1070 1010 1106 &immutabilitatem
1022 1073 1038 1104 a
1048 1073 1115 1103 Deo
1125 1070 1185 1103 dati
1194 1081 1234 1102 eis
1245 1071 1357 1103 ordinis
1367 1071 1396 1105 i&
1406 1072 1642 1104 construetionis.
1671 1072 1705 1103 Et
1713 1071 1790 1104 infra

325 1122 440 1155 Psalmo
450 1131 464 1152 2
472 1130 485 1160 3
494 1144 502 1153 .
517 1118 580 1163 Ipse
592 1120 675 1163 supet
685 1119 776 1150 maria
786 1117 1010 1154 fundauiteum‚
1021 1116 1126 1149 scilicet
1135 1115 1241 1148 orbem
1251 1127 1408 1153 terrarum,
1417 1115 1445 1148 id
1455 1118 1506 1152 est,
1524 1115 1683 1149 Ecclesiam
1693 1115 1791 1150 secun-

326 1168 398 1199 dum
408 1166 622 1209 Atigustinum,
639 1165 691 1208 qui
705 1163 885 1206 exponendo
892 1162 1050 1205 quomodo
1058 1161 1117 1207 ipsc
1126 1161 1208 1204 super
1216 1164 1308 1194 maria
1317 1173 1381 1193 eam
1391 1160 1539 1200 fundauit,
1556 1161 1713 1205 subiungit,
1728 1163 1791 1207 Ipse

324 1212 492 1246 firmissime
502 1210 639 1243 stabiliuit
647 1221 714 1241 eam
725 1209 811 1252 super
819 1220 925 1241 omncs
935 1209 1043 1241 flu&us
1052 1207 1145 1240 sarculi
1155 1207 1253 1247 huius,
1262 1218 1294 1239 vt
1303 1207 1339 1239 ab
1348 1218 1381 1239 ea
1393 1208 1604 1249 superarentur.
1624 1208 1659 1239 Et
1668 1206 1791 1241 inferius

324 1259 443 1291 Psalmo
456 1258 524 1289 118.
538 1256 572 1288 In
582 1257 787 1300 generatione,
797 1261 827 1287 δε
838 1256 1034 1298 generatione
1044 1255 1148 1286 veritas
1158 1263 1218 1291 tua,
1227 1252 1352 1286 fundasti
1361 1262 1467 1285 terram
1477 1253 1506 1288 ὅ(
1517 1263 1679 1296 permanet.
1696 1254 1792 1297 Super

325 1303 409 1348 quod
426 1304 609 1346 Augustinus
623 1312 675 1344 per
690 1302 914 1343 generationem
932 1301 962 1335 ὅ(
978 1300 1202 1341 generationem
1219 1309 1325 1331 omnes
1342 1299 1549 1341 generationes
1562 1298 1739 1342 intelligens,
1754 1299 1792 1332 lic
1809 1291 1837 1323 C

325 1350 472 1391 subiungit
487 1360 494 1381 ·‚
513 1346 947 1389 Curautemnunquametiam
963 1347 1020 1377 istis
1035 1342 1275 1387 generationibus
1284 1344 1390 1376 veritas
1399 1341 1482 1379 desit,
1497 1343 1577 1376 velut
1588 1355 1792 1388 aperienscau-

325 1394 397 1432 sam,
407 1393 559 1433 Fundassi,
574 1392 681 1435 inquit,
694 1402 802 1424 terram
811 1392 840 1426 ἃ
850 1401 1014 1434 permanet,
1030 1400 1081 1422 eos
1090 1390 1139 1434 qui
1148 1391 1177 1422 in
1187 1399 1262 1422 terra
1271 1388 1346 1426 sunt,
1360 1399 1464 1422 terram
1474 1400 1648 1432 nuncupans
1664 1401 1672 1424 ς
1687 1390 1792 1423 funda-

325 1449 462 1472 mentum
471 1449 572 1471 autem
582 1436 660 1470 aliud
671 1448 761 1469 nemo
769 1438 862 1480 potest
872 1446 995 1479 ponere,
1008 1445 1113 1479 praeter
1122 1435 1151 1467 id
1161 1434 1241 1479 quod
1251 1434 1378 1478 pofitum
1393 1434 1443 1471 est,
1457 1433 1539 1477 quod
1547 1436 1586 1467 est
1598 1435 1735 1467 Christus
1750 1436 1795 1468 Ie-

326 1484 384 1517 sus.
409 1484 593 1517 Hancetiam
603 1483 801 1517 firmissimam
811 1481 982 1514 firmitatem
993 1481 1045 1512 sub
1053 1480 1158 1512 eadem
1170 1479 1348 1525 metaphora
1356 1481 1452 1512 innuit
1462 1478 1559 1513 Esaias
1569 1481 1619 1512 28.
1646 1480 1715 1513 Iino
1726 1482 1793 1513 Do-

326 1531 427 1561 minus
444 1541 493 1572 per
511 1528 622 1562 Esaiam
634 1527 670 1559 sic
687 1527 799 1567 dicens,
818 1528 893 1560 Ecce
912 1538 970 1570 ego
987 1528 1105 1558 mittam
1118 1528 1148 1559 in
1165 1525 1369 1558 fundamentis
1384 1526 1458 1557 Sion
1474 1525 1602 1568 lapidem
1620 1526 1794 1569 angularem

325 1574 502 1618 probatum,
516 1573 689 1617 pretiosum,
705 1576 734 1606 in
744 1573 940 1606 fundamento
947 1571 1105 1605 fundatum
1123 1584 1130 1603 ε
1146 1582 1231 1615 quam
1243 1572 1272 1606 ὃ(
1283 1571 1355 1614 lapis
1365 1572 1413 1603 iste
1423 1570 1496 1602 olim
1507 1570 1543 1603 ad
1553 1583 1610 1604 nos
1618 1570 1715 1604 missus
1725 1582 1794 1605 con-

327 1620 460 1657 firmans,
477 1622 603 1658 Omnis,
612 1622 719 1663 inquit,
729 1618 867 1662 quiaudit
877 1617 966 1651 verba
974 1628 1040 1650 mea
1048 1616 1124 1656 haec,
1133 1617 1164 1650 ἃ
1174 1616 1242 1649 facit
1251 1627 1293 1655 ea,
1307 1615 1512 1649 assimilabitur
1521 1618 1583 1649 viro
1592 1618 1725 1659 sapienti.
1745 1619 1793 1660 qui

327 1665 484 1698 aedificauit
494 1664 622 1698 domum
631 1665 708 1698 suam
718 1664 803 1708 supra
811 1675 937 1708 petram,
945 1665 975 1698 ὅ(
984 1662 1132 1696 descendit
1140 1662 1253 1706 pluuia,
1270 1666 1298 1696 δι
1308 1672 1451 1694 venerunt
1460 1661 1594 1699 flumina,
1609 1667 1638 1698 δι
1647 1662 1795 1695 flauerunt

329 1715 422 1748 venti,
438 1718 467 1744 <sc
478 1721 625 1743 irruerunt
634 1713 663 1742 in
673 1711 799 1743 domum
807 1710 901 1746 illam,
911 1710 941 1743 ὅ(
952 1720 1013 1741 non
1023 1708 1129 1740 cecidit
1140 1719 1149 1742 ε
1159 1707 1282 1740 fundata
1290 1709 1369 1740 enim
1380 1717 1441 1739 erat
1451 1705 1532 1750 supra
1541 1718 1663 1750 petram,
1674 1709 1796 1748 Matt.7.

329 1758 425 1799 Super
433 1757 516 1799 quod
527 1755 774 1800 Chrysostomus,
792 1755 888 1794 Sicut,
904 1757 1014 1797 inquit,
1032 1752 1158 1786 Ecclesia
1174 1752 1316 1787 :edificata
1325 1754 1341 1784 a
1350 1752 1472 1785 Christo
1482 1752 1556 1784 dirui
1568 1765 1629 1786 non
1639 1752 1743 1795 potest,
1757 1752 1795 1784 fic

328 1803 416 1835 talem
427 1802 642 1839 Christianum,
659 1803 710 1845 qui
720 1799 917 1844 sessaedificaule
926 1798 1009 1844 super
1020 1799 1189 1838 Christum,
1203 1798 1282 1831 nulla
1295 1796 1452 1831 aduersitas
1463 1798 1587 1835 deiicere
1594 1800 1698 1843 potest.
1727 1799 1794 1831 Nec

327 1849 367 1880 est
377 1850 559 1880 contrarium
575 1846 658 1889 quod
668 1845 790 1891 quidam
803 1848 839 1878 de
851 1846 980 1878 Ecclesia
990 1845 1101 1877 cadunt
1119 1856 1128 1879 3
1144 1856 1204 1877 non
1213 1850 1293 1877 enim
1302 1854 1407 1877 omnes
1417 1844 1465 1887 qui
1476 1843 1637 1876 Christiani
1648 1844 1794 1881 dicuntur,
1812 1840 1844 1873 D

331 1892 443 1925 Christi
453 1892 527 1927 sunt,
537 1892 584 1925 sed
593 1894 677 1924 nouit
687 1892 840 1924 Dominus
848 1894 901 1934 qui
911 1892 974 1923 sunt
984 1892 1056 1922 eius.
1080 1890 1168 1923 Hanc
1177 1892 1265 1932 igitur
1274 1888 1477 1922 necessitatem
1493 1889 1667 1927 stabilitatis,
1685 1890 1795 1921 immo-

329 1937 460 1976 bilitatis,
468 1940 496 1973 ὅ(
506 1937 769 1976 immutabilitatis,
777 1947 866 1980 atque
877 1935 1045 1980 sequentem
1054 1946 1122 1968 reor
1131 1933 1300 1969 intellexisse
1310 1934 1503 1977 Apostolum.
1513 1934 1580 1967 cum
1592 1934 1720 1972 dicebat,
1737 1934 1796 1966 Fir-

329 1993 414 2015 mum
424 1982 655 2016 fundamentum
666 1984 721 2015 Dei·
730 1982 795 2021 stat,
808 1983 893 2014 nouit
908 1982 1057 2014 Dominus
1075 1983 1124 2025 qui
1136 1983 1201 2013 sunt
1210 1983 1282 2018 eius,
1298 1980 1328 2014 &
1345 1981 1515 2012 Dominum
1525 1991 1575 2023 per
1585 1979 1692 2013 Esaiam
1700 1979 1797 2012 dicen-

329 2038 402 2063 tem.
422 2026 592 2062 Consilium
601 2038 701 2060 meum
711 2028 814 2060 stabit:
830 2025 1000 2059 huiusmodi
1016 2028 1103 2058 etiam
1119 2025 1307 2058 slabilitatem
1322 2023 1508 2057 immobilem
1524 2025 1617 2058 diuini
1632 2023 1744 2059 consilii
1755 2026 1797 2057 in-

328 2075 393 2107 nuit
403 2074 502 2107 Dauid
512 2073 624 2113 dicens,
638 2071 806 2106 Consilium
815 2083 913 2105 autem
924 2073 1049 2105 Domini
1060 2073 1088 2103 in
1097 2082 1240 2104 aeteriium
1250 2081 1364 2109 manet,
1382 2072 1581 2114 cogitationes
1589 2071 1688 2102 cordis
1698 2071 1759 2103 eius
1767 2071 1796 2102 in

329 2130 519 2162 generatione
529 2124 558 2150 δι
568 2122 800 2162 generationem,
811 2118 928 2151 Psalmo
937 2127 987 2163 32.
1010 2114 1124 2154 Glossa,
1136 2117 1165 2149 id
1175 2116 1225 2153 est,
1242 2128 1304 2148 non
1314 2114 1470 2148 mutabiles
1481 2113 1526 2149 sed
1534 2126 1661 2154 aeternae,
1677 2112 1750 2146 sicut
1765 2115 1796 2148 ὃ(

330 2164 547 2207 praedestinatio
556 2167 618 2196 eius
629 2164 822 2197 immutabilis
830 2164 881 2200 est,
898 2166 928 2195 in
945 2173 1006 2207 qua
1020 2164 1122 2195 omnia
1136 2162 1265 2206 reposita
1280 2164 1344 2194 sunt
1360 2174 1368 2195 t
1385 2158 1474 2194 vbi&
1486 2162 1796 2202 Augustinustrastatu

330 2212 440 2250 primo,
455 2210 668 2253 Cogitationes
679 2210 825 2252 sapientiae
840 2211 901 2242 eius
918 2220 980 2241 non
996 2206 1060 2240 sunt
1074 2207 1244 2246 mutabiles,
1257 2206 1305 2238 sed
1322 2217 1477 2239 manentes
1492 2208 1519 2239 iii
1538 2204 1674 2238 seculum
1692 2205 1796 2237 saecuii.

329 2254 423 2297 Qod
435 2256 463 2289 ὅ(
473 2255 642 2297 planissime
651 2254 764 2286 docens
775 2254 939 2296 Apostolus
948 2253 984 2286 ad
994 2252 1109 2286 Hebar.
1126 2253 1365 2296 Volens,inquit‚
1374 2253 1455 2284 Deus
1463 2251 1617 2284 ostendere
1626 2250 1798 2294 pollicitati-

329 2302 396 2332 onis
404 2299 571 2332 haeredibus
581 2299 823 2332 immobilitatem
834 2298 947 2335 consilii
958 2296 1011 2334 sui,
1029 2296 1426 2341 interposuitiusiurandum,
1441 2308 1473 2329 vt
1484 2307 1535 2339 per
1544 2296 1616 2330 duas
1630 2307 1677 2330 res
1688 2298 1798 2328 immo·

329 2344 413 2383 biles,
428 2344 534 2388 quibus
545 2344 726 2389 impossibile
735 2345 774 2376 est
784 2346 901 2377 mentiri
910 2345 1022 2382 Deum,
1038 2342 1235 2376 firmissimum
1252 2342 1389 2376 solatium
1406 2341 1580 2381 habeamus,
1596 2343 1647 2387 qui
1665 2342 1798 2384 confugi-

329 2401 396 2423 mus
404 2390 440 2422 ad
449 2391 608 2423 tenendam
619 2389 805 2434 propositam
817 2389 1001 2433 speni,quam
1011 2388 1157 2421 habemus
1166 2387 1409 2421 ficutanchoram
1419 2390 1517 2430 anime
1527 2398 1620 2420 tutam
1630 2399 1662 2420 ac
1671 2387 1795 2419 firmam.
1813 2388 1836 2418 E

330 2436 449 2472 Gloffa,
468 2436 520 2469 Per
529 2436 604 2467 duas
614 2446 655 2467 res
666 2434 850 2471 immobiles,
866 2435 957 2471 idest,
972 2445 1024 2478 per
1038 2435 1267 2477 promissionem
1278 2433 1515 2467 &iuramentum
1532 2448 1541 2471 3
1557 2434 1620 2465 vult
1630 2444 1703 2476 ergo
1716 2434 1799 2474 Apo-

329 2481 430 2516 stolus,
439 2481 524 2523 quod
533 2480 700 2517 confilium,
710 2481 899 2524 pollicitatio,
913 2479 1149 2514 &iufiurandum
1158 2480 1216 2512 Dei
1225 2490 1303 2512 tanta
1311 2477 1521 2512 immobilitate
1531 2480 1697 2516 firmentur,
1710 2476 1797 2521 qnod

330 2527 411 2559 Deus
421 2538 484 2558 non
495 2525 778 2569 poiestoppofitum,
794 2525 866 2557 sicut
883 2537 944 2558 non
962 2526 1055 2569 potest
1065 2526 1191 2557 mentiri.
1216 2526 1276 2556 Cui
1293 2531 1322 2558 ει
1338 2524 1501 2556 concordat
1517 2523 1589 2556 illud
1607 2525 1734 2556 Numer.
1747 2532 1797 2567 23.

332 2572 408 2604 Non
418 2572 456 2603 est
468 2574 552 2604 Deus
561 2572 641 2615 quasi
652 2571 748 2604 homo
757 2581 788 2602 vt
800 2573 968 2609 mentiatur,
982 2582 1035 2602 nec
1052 2580 1083 2601 vt
1094 2570 1169 2603 filius
1179 2568 1311 2602 hominis
1321 2580 1352 2602 vt
1361 2579 1489 2602 mutetur
1505 2583 1515 2607 ;
1531 2569 1605 2602 dixit
1613 2579 1686 2612 ergo
1696 2569 1725 2603 ὃ(
1734 2580 1796 2601 non

331 2616 416 2649 faciet
436 2624 443 2647 .>
466 2617 598 2650 Locutus
609 2620 656 2652 est,
678 2618 707 2651 ὅ(
719 2626 781 2648 non
791 2617 926 2660 implebit
943 2623 951 2645 ἒ
970 2615 1084 2649 Etillud
1103 2614 1208 2648 Psalmi
1227 2616 1277 2648 88.
1292 2614 1390 2648 Semel
1405 2616 1498 2647 iuraui
1515 2616 1544 2646 in
1560 2613 1661 2648 sansto
1675 2624 1758 2652 meo,
1777 2613 1797 2644 si

331 2662 441 2694 Dauidi
452 2665 586 2695 mentiar.
612 2662 826 2700 Cassiodorus,
839 2661 948 2699 Semel,
958 2661 987 2694 id
997 2661 1049 2699 est,
1059 2659 1303 2695 immutabiliter;
1318 2661 1476 2704 quomodo
1486 2659 1516 2693 ὅ(
1528 2661 1712 2703 Augustinus
1723 2669 1749 2701 5.
1761 2658 1798 2690 de

333 2708 423 2739 Ciuit.
436 2708 491 2739 Dei
504 2720 531 2743 9.
551 2713 580 2739 sc
589 2708 636 2740 De
645 2708 742 2749 spiritu
753 2707 872 2740 &litera
881 2717 933 2743 29-
952 2707 981 2740 ὅ(
991 2705 1156 2739 lfidoius8.
1170 2705 1238 2740 Eih.
1248 2717 1300 2749 45.
1310 2705 1513 2748 exponitillud
1523 2706 1672 2738 Psaimim
1681 2729 1688 2737 .
1700 2702 1797 2736 Semel

331 2752 446 2784 locutus
459 2755 497 2784 cst
510 2754 606 2791 Deus,
623 2752 652 2784 id
662 2751 1083 2790 est,immutabiliter,hocest‚
1094 2750 1507 2785 incommutabiliterlocutus
1517 2752 1566 2787 est,
1582 2750 1745 2783 licutnoui't
1755 2751 1798 2781 in-

331 2808 399 2829 com
406 2799 586 2831 mutabiliter
594 2799 697 2830 omnia
708 2809 773 2841 quae
782 2798 880 2830 fututa
890 2800 969 2837 sunt,
986 2799 1015 2831 ὅ(
1033 2807 1098 2840 quae
1108 2797 1235 2830 facturus
1244 2797 1294 2833 cst,
1311 2794 1383 2828 sicut
1392 2797 1564 2829 vicesimum
1577 2796 1733 2839 septimum
1743 2794 1798 2825 hu·

330 2843 374 2875 ius
382 2844 500 2886 plenius
507 2843 731 2889 allegamus-loc
739 2842 817 2876 idem
827 2843 1072 2877 testanturmulta:
1081 2852 1255 2876 autoritates
1264 2843 1420 2885 Scripturae
1429 2841 1613 2876 canonicae&
1624 2842 1800 2915 Doaortidm

1783 2895 1798 2917 e
