1985 3130
109 154 156 199 L
176 172 201 198 A
218 172 258 199 Ρ.
274 168 340 214 39.
817 149 892 198 De
917 149 1039 214 Causa
1056 149 1161 199 Det.
1692 176 1767 225 341

119 254 149 286 Α
164 248 272 290 gratia,
288 248 341 290 qui
355 241 520 279 secundum
539 243 720 289 hypothesin
741 245 837 288 potest
855 255 923 275 eam
937 246 1044 277 mereri
1055 245 1092 277 de
1106 256 1266 291 congruo,
1283 248 1563 295 iaciatfimilepium
1572 263 1662 296 opus,

162 291 312 324 merendo
322 291 360 324 de
368 302 506 336 congruo
516 292 645 335 primam
656 301 780 335 gratiam
790 289 856 334 post
866 301 1110 335 peccatum,quae
1119 291 1152 324 lit
1160 295 1181 323 Ω
1191 304 1258 331 3aut
1266 305 1342 338 ergo
1352 296 1378 325 s.
1388 297 1429 328 est
1437 298 1559 340 aeqnalis
1571 300 1662 338 A,vel

160 340 275 374 minor,
288 338 336 369 vel
345 340 459 371 maior:
470 337 629 382 fiaequalis‚
637 337 714 370 redit
724 338 942 369 inconueniens
958 347 1154 380 ptaetzixaium
1168 361 1175 373 ,
1193 340 1282 382 quod
1293 340 1430 375 videlicet
1439 342 1553 376 adultus
1561 344 1663 378 lauda.

163 383 263 417 biliter
271 394 414 427 operans,
433 383 621 417 beatificetur
639 382 795 428 aequaliter
808 392 878 414 cum
894 383 1022 426 paruulo
1036 384 1236 418 solummodo
1250 386 1411 428 baptizato.
1435 390 1464 420 Si
1475 400 1574 422 auteni
1587 392 1615 423 C
1627 390 1662 425 fit

161 431 555 463 minorAinconuenientia
563 430 662 462 maior
670 430 737 461 erit.
764 428 879 462 Sivero
888 427 922 460 fit
931 431 1050 469 maior,
1064 440 1116 462 cur
1134 430 1238 463 Petrus
1253 443 1355 466 miuus
1372 432 1532 468 disnolirus
1546 436 1583 468 ad
1599 448 1662 469 rne-

159 476 290 508 rendum
298 476 393 520 quam
402 477 523 512 Paulus,
531 486 585 520 pet
595 474 688 510 limile
696 477 782 519 pium
791 485 871 518 opus
887 475 953 518 plus
964 485 1096 509 meretur
1111 481 1203 520 quam
1218 478 1277 522 ipse
1290 485 1299 509 θ
1318 479 1428 512 Paulus
1437 491 1517 512 emm
1529 493 1659 516 meretur

159 522 196 559 B,
205 524 331 566 gratiam
339 522 484 566 aequalem
493 522 535 558 A,
545 520 767 554 tantummodo
777 521 825 554 vel
833 522 985 554 minorem
995 536 1006 561 ς
1015 521 1083 554 Imo
1100 533 1230 566 ponatur
1240 547 1249 561 ‚
1259 524 1344 569 quod
1356 525 1462 558 Paulus
1470 537 1524 569 per
1532 528 1658 571 aliquod

157 566 274 601 bonum
285 579 366 612 opus
374 578 521 602 mereatur
530 569 554 601 B
563 569 692 612 gratiam
701 568 854 600 minorem
863 570 1059 612 quantumuis
1068 569 1097 600 A
1105 579 1198 612 gratia
1208 594 1217 607 ‚
1228 574 1259 605 &
1266 570 1451 615 consequens
1461 583 1526 609 erit,
1536 573 1658 608 Petrum

156 624 213 658 per
222 613 316 647 simile
325 613 440 648 bonum
456 624 535 659 opus
551 616 658 648 mereri
673 625 696 647 ae
722 613 823 646 nalem
841 615 969 657 gratiam
983 613 1032 646 vel
1048 614 1221 655 minorem3
1240 618 1304 649 imo
1314 616 1659 653 videturmtioriabiliter

156 659 243 703 quod
251 662 415 699 minorem,
423 660 494 693 cum
504 659 537 694 sit
550 663 653 694 minus
661 659 690 692 di
704 659 819 704 positus
827 659 864 693 ad
873 659 1066 693 metendum.
1090 660 1314 696 Adhiicautem
1325 662 1345 696 fi
1357 663 1387 696 C
1399 661 1432 695 sir
1440 665 1539 697 maior
1547 668 1587 702 A,
1597 666 1658 698 hoc

157 706 197 738 est
206 704 370 739 secundum
379 707 512 751 aliquam
523 708 757 752 proportionem
767 705 896 740 finitam
915 705 1053 740 Ponatur
1060 718 1135 750 ergo
1146 707 1233 752 quod
1244 710 1385 742 meritum
1408 708 1485 743 Petri
1500 722 1551 753 per
1571 712 1656 756 quod

154 761 290 785 meretur
309 753 339 785 C
351 756 475 796 gratiam
491 752 758 797 proportionaliter
772 754 956 791 minoretur,
965 752 1014 785 vel
1024 751 1156 789 infim&
1172 753 1551 790 redeuntinconuenienii'a
1559 759 1656 801 praeli'-

153 795 222 830 bata
231 812 240 836 3
249 797 411 842 praescrtim
422 797 441 831 li
452 798 617 832 secundum
629 799 820 843 Pelagianam
830 797 1028 843 hypothesin,
1037 800 1120 832 Deus
1130 799 1243 833 nullam
1261 802 1387 844 gratiam
1398 812 1486 845 gratis
1495 802 1545 835 det
1555 804 1658 843 Petro,

97 849 121 881 Β
151 842 200 877 sed
217 845 336 877 tantiim
352 850 519 889 propter&
535 844 697 878 fecundum
715 847 857 878 meritum
874 845 1067 878 antecedens.
1098 845 1211 878 Adhuc
1225 856 1326 880 autem
1338 857 1468 891 ponatur
1483 848 1606 881 Pet-rum
1626 851 1657 886 ὅ(

152 888 319 924 Paulumin
328 893 424 935 gratia
434 892 537 935 aequali
550 893 687 924 constitui
698 917 709 930 ,
721 892 752 926 ἂ
768 892 887 925 Petrum
904 889 1076 924 debitorem
1091 902 1191 935 poenae
1207 894 1340 936 paruulae
1353 904 1410 937 pro
1421 905 1545 937 peccato
1559 919 1568 932 ,
1582 895 1658 929 Pau*

149 933 213 968 lum
224 937 300 971 νει-ὸ
309 947 516 982 nequaquam,
524 943 555 971 8(
567 936 680 971 ambos
694 938 819 982 aequalia
829 948 925 981 opeia
933 939 1084 971 meritoria
1091 948 1222 980 operari,
1230 942 1288 973 διε.
1305 941 1377 971 licut
1387 941 1473 972 luvra
1487 951 1592 973 contra
1601 944 1659 974 res·

149 981 334 1024 pensionem
347 985 490 1026 priorem.
514 985 656 1029 Sequitur
670 986 751 1016 enim
785 984 851 1017 lane
862 1008 869 1019 ‚
888 983 974 1027 quod
984 985 1082 1027 magis
1090 983 1245 1028 expediret
1262 985 1355 1018 Petro
1370 984 1606 1019 satisfastionem
1624 990 1658 1021 il-

147 1026 210 1060 lam
219 1026 350 1068 differre,
358 1027 669 1074 vsquepurgarorium
681 1032 747 1075 post
778 1041 834 1064 ane
844 1032 936 1062 vitam
946 1044 956 1069 ς
966 1029 1055 1075 quod
1065 1030 1156 1062 etiam
1166 1030 1268 1063 Petrus
1286 1030 1411 1064 saluatus
1426 1034 1456 1064 in
1467 1033 1565 1072 coelo,
1575 1045 1658 1067 aeter-

147 1073 255 1107 naliter
265 1077 425 1119 punietur3
436 1077 522 1120 quod
532 1077 614 1109 Deus
624 1076 707 1110 darei
719 1077 821 1121 parce,
837 1081 867 1108 δι
886 1078 1074 1120 improperat
1090 1076 1116 1108 ei
1130 1074 1266 1120 semper3
1284 1076 1367 1121 quod
1379 1089 1534 1121 nunquam
1547 1078 1658 1112 fatisfa-

146 1119 279 1158 ciet‚nec
290 1132 425 1165 vnquam
437 1123 535 1166 potest
545 1120 711 1156 satisfacere
725 1133 782 1167 pro
796 1132 924 1167 peccato
943 1132 1152 1166 quocunque;
1167 1123 1255 1166 quod
1272 1122 1395 1167 insuper
1408 1124 1490 1155 Deus
1505 1124 1658 1158 immiseri-

143 1165 290 1204 corditer,
301 1167 478 1207 crudeliter,
491 1168 636 1202 &iniuste
645 1172 707 1213 agit
724 1179 795 1200 cum
809 1180 863 1207 eo,
882 1170 1053 1212 portionem
1071 1167 1214 1201 videlicet
1231 1171 1342 1209 meriti,
1358 1170 1406 1201 cui
1424 1169 1515 1213 digne
1531 1171 1659 1204 debetur

145 1213 249 1254 portio
259 1214 365 1257 gloriae
375 1213 555 1258 sempiterna
562 1225 622 1257 pro
631 1212 834 1248 catisfafflone
849 1224 952 1259 poenae
968 1213 1102 1258 paruulae
1111 1215 1342 1259 compensando
1355 1238 1362 1250 2
1383 1215 1453 1247 esim
1469 1217 1529 1248 boc
1540 1216 1659 1250 infinite

144 1257 214 1301 plus
225 1260 322 1293 valmt
337 1260 376 1292 de
397 1260 575 1304 condigno,
599 1265 631 1292 δε
647 1272 707 1294 tam
723 1259 830 1306 iniqu'e
844 1262 908 1294 eius
924 1261 1086 1303 praemium
1104 1258 1303 1293 defalcando.
1322 1261 1438 1294 Adhuc
1455 1273 1554 1295 autem
1567 1263 1586 1295 fi
1606 1264 1659 1296 ali-

145 1303 230 1346 quod
242 1304 362 1338 bonum
371 1316 449 1349 opus
458 1305 582 1340 excedat
590 1318 647 1350 pro
658 1305 859 1340 satisfafflone
869 1306 971 1344 huius,
980 1306 1011 1342 ἃ
1020 1305 1147 1350 aliquod
1157 1306 1257 1340 minus
1272 1305 1400 1341 sufficiat
1411 1306 1572 1341 stcundum
1584 1320 1659 1352 prae-

144 1347 227 1382 missa
243 1359 275 1385 sc
286 1349 360 1384 sicut
370 1352 525 1396 pelagiam·
538 1350 684 1392 fatentur,
694 1352 822 1397 aliquod
831 1352 987 1397 aequaliter
996 1351 1117 1388 sufficit,
1125 1352 1183 1387 &c.
1192 1351 1266 1385 ficut
1278 1354 1379 1398 supra.
1402 1354 1546 1397 Amplius
1554 1365 1657 1387 autem

88 1405 116 1435 c
144 1406 292 1438 quantum
304 1399 405 1430 minus
416 1398 594 1431 aeternaliter
611 1409 745 1432 meretur
761 1398 866 1432 Petrus
880 1399 974 1442 quam
991 1397 1113 1436 Paulus,
1126 1397 1292 1431 secundum
1311 1399 1382 1443 qnid
1402 1398 1493 1433 debet
1509 1411 1661 1443 quantitas

142 1440 223 1474 illius
234 1445 414 1477 minoritatis
423 1444 553 1479 attendi,
565 1443 618 1477 nisi
630 1442 761 1478 fortassis
773 1443 939 1477 secundum
951 1446 1152 1488 quantitatem
1171 1455 1273 1487 poenae
1291 1455 1409 1478 aeternae
1421 1450 1500 1489 prius
1511 1445 1561 1477 libi
1573 1446 1660 1479 debi-

143 1498 180 1520 tae
187 1499 245 1532 pro
254 1500 381 1533 peccato
391 1490 513 1523 mortali
524 1502 532 1524 3
544 1488 594 1522 sed
610 1490 658 1522 'illa
668 1490 794 1523 forsitan
805 1488 862 1523 fuit
871 1488 1017 1523 intensior
1026 1490 1123 1534 gloria
1130 1492 1224 1534 quam
1236 1490 1347 1524 Paulus
1361 1503 1510 1524 meretur:
1529 1504 1620 1536 qnare
1628 1497 1658 1526 &

143 1533 250 1568 Petrus
260 1546 313 1579 per
325 1535 398 1569 illud
408 1547 488 1581 opus
497 1535 725 1569 satisfactorium
738 1535 814 1569 nihil
824 1546 956 1569 meretur
964 1535 1002 1570 de
1015 1536 1114 1580 gloria
1128 1535 1311 1581 sempiterna
1329 1548 1434 1570 contra
1450 1537 1654 1582 hypothelinz

144 1582 210 1612 imo
220 1592 274 1613 nec
281 1581 369 1624 plene
381 1581 408 1615 se
417 1583 500 1615 exuit
509 1584 525 1614 ii
534 1592 605 1615 toto
615 1582 720 1615 debito
731 1593 836 1626 poenae
844 1583 985 1627 antiqnae.
1010 1583 1125 1626 Neque
1134 1583 1308 1621 neceficest,
1327 1582 1410 1627 quod
1427 1595 1584 1627 peccatum
1600 1584 1653 1615 Pe-

143 1627 178 1659 tri
188 1627 359 1668 praecedens
368 1628 424 1661 suit
442 1628 571 1662 mortale
582 1652 592 1665 ,
613 1639 665 1661 aur
682 1640 776 1672 poena
791 1638 937 1673 perpetua
952 1629 1158 1671 puniendum.
1187 1627 1308 1662 Nonne
1319 1636 1349 1663 ὃ(
1363 1628 1382 1661 fi
1394 1629 1494 1662 Petrus
1505 1630 1539 1662 iit
1555 1630 1654 1662 iamin

141 1672 255 1714 ”gloria
263 1673 538 1710 constitutus,liber
549 1674 616 1706 esta
626 1674 734 1707 debito
745 1685 849 1718 poenae
857 1684 976 1706 aeternae
988 1681 1037 1714 ‚sc
1054 1673 1176 1708 debitor
1194 1674 1318 1708 forsitan
1336 1686 1438 1718 poenae
1456 1676 1657 1709 solummodo
1694 1674 1707 1713 ll
1717 1674 1802 1713 gfflia

143 1719 341 1761 temporalis?
359 1720 540 1761 Quomodo
550 1731 624 1763 ergo
635 1722 717 1753 Dens
726 1719 821 1753 iustus
837 1721 932 1764 exigit
949 1732 1031 1752 nunc
1045 1720 1085 1753 ab
1100 1731 1137 1751 eo
1148 1718 1299 1757 debitum,
1310 1724 1340 1754 δι
1355 1720 1590 1754 satisfastioiiem
1600 1734 1657 1766 pro

141 1775 237 1807 poena
247 1772 378 1797 aeterna?
400 1765 474 1799 Ideo
484 1765 612 1799 fortassis
622 1766 777 1799 diceturin
789 1767 894 1811 primis
911 1765 999 1811 quod
1013 1769 1044 1798 in
1058 1764 1127 1798 casu
1144 1766 1257 1808 priori,
1279 1767 1657 1810 Petrusmercturaliqiiod

143 1813 304 1852 praemium
315 1810 547 1856 sempiternum,
557 1812 767 1858 temporaliter
779 1811 900 1845 tantum
911 1814 1011 1846 minus
1020 1812 1117 1857 quain
1133 1811 1242 1845 Paulus
1254 1835 1262 1848 ‚
1278 1822 1398 1845 tantum
1410 1813 1547 1846 videlicet
1558 1824 1657 1846 minus

147 1855 307 1890 &breuius
317 1858 479 1893 extenfiuc.
492 1870 545 1901 per
555 1857 680 1904 aliquod
690 1868 937 1901 certumtempus
945 1857 1067 1891 finitum
1078 1883 1087 1897 ‚
1103 1868 1216 1902 quanta
1233 1860 1287 1891 fuit
1302 1869 1397 1902 poena
1413 1860 1587 1902 temporalis
1603 1871 1657 1904 per

87 1907 119 1939 D
145 1904 286 1936 meritum
298 1900 380 1936 suum
393 1903 522 1943 dimissa,
530 1904 560 1938 ὃ(
569 1915 606 1937 ex
615 1915 688 1937 tunc
696 1903 808 1948 aequale
816 1902 969 1938 extensiue
977 1904 1009 1939 ἃ
1024 1902 1176 1937 ιἠῐεηῖῐυέ
1186 1901 1318 1936 {imiliter
1327 1906 1356 1936 in
1366 1915 1511 1938 arternum
1524 1916 1532 1938 ὅ
1550 1904 1596 1937 sed
1606 1918 1658 1938 ne-

143 1959 298 1992 quaquam
307 1950 373 1983 talis
383 1949 635 1989 deformitas,imo
645 1951 737 1995 plena
750 1948 952 1983 conformitas
962 1959 1120 1994 reputatur
1128 1948 1145 1981 a
1155 1949 1295 1982 Patribus
1306 1950 1449 1994 ponenda
1463 1952 1494 1984 in
1503 1950 1655 1988 sanstis,in

145 1994 303 2028 foelicitate
312 1994 455 2033 finum&
473 1995 656 2029 beatitudine
669 1994 996 2040 consummatameque
1003 2006 1124 2040 tempus
1133 1996 1232 2028 meriti
1243 2019 1250 2032 ,
1266 2006 1316 2028 aut
1326 1996 1482 2041 profestus
1491 2007 1610 2040 putatur
1626 1999 1656 2030 in

144 2041 229 2073 coelo
239 2041 306 2085 post
314 2041 404 2075 finale
413 2042 558 2075 iudicium
577 2044 594 2075 ii
606 2041 748 2075 Patribus
764 2041 987 2081 Orthodoxis3
999 2051 1057 2074 nec
1072 2043 1166 2074 etiam
1181 2040 1266 2074 locus
1286 2043 1441 2075 carceralis
1457 2054 1507 2076 aut
1524 2043 1657 2087 poenalis

144 2088 175 2117 in
187 2087 271 2118 coelo
280 2090 297 2119 a
307 2085 415 2120 sanffls
426 2087 567 2121 Patribus
575 2089 750 2122 aestimatur.
779 2088 860 2132 Qis
874 2090 966 2120 etiam
976 2087 1085 2120 dixerit
1094 2088 1210 2121 nullum
1220 2088 1401 2124 satisfacere,
1413 2099 1513 2134 neque
1522 2086 1656 2132 possesa-

144 2130 274 2166 tist‘acere
291 2144 342 2176 per
351 2135 399 2178 pia
408 2145 503 2176 opera
519 2145 774 2179 quantacunque,
790 2144 847 2177 pro
863 2133 1133 2178 quantulocunque
1147 2144 1277 2178 peccato
1292 2136 1323 2166 in
1342 2137 1403 2166 vira
1420 2135 1654 2180 praesenti,quin

145 2179 212 2222 post
221 2177 298 2212 hanc
305 2181 399 2211 viram
412 2203 421 2216 ,
431 2179 451 2211 fi
461 2179 592 2212 transeat
599 2180 636 2214 ad
647 2179 795 2217 futuram,
805 2179 992 2222 punierutibi
1002 2179 1102 2223 aliqua
1111 2190 1205 2221 poena
1212 2179 1332 2213 damni?
1354 2180 1450 2213 Simili
1461 2183 1550 2212 etiam
1561 2182 1655 2213 tatio·

145 2235 184 2256 ne
194 2223 324 2263 videtur,
334 2225 423 2271 quod
433 2224 566 2258 duorum
574 2226 729 2271 :equaliter
736 2227 916 2258 meritorum
926 2236 991 2258 non
1001 2223 1089 2257 simul
1103 2224 1316 2258 decedentium
1329 2250 1337 2261 ,
1352 2224 1401 2258 sed
1411 2226 1509 2262 liuius,
1526 2227 1555 2257 in
1574 2228 1654 2269 prin-

146 2271 228 2313 cipio
237 2270 317 2314 quafi
328 2271 445 2307 mundi,
455 2271 574 2306 &illius
584 2275 614 2304 in
625 2271 685 2305 fine
695 2297 702 2309 ,
718 2274 802 2317 prior
818 2273 990 2314 expectaret
1004 2272 1199 2314 posteriorem
1207 2297 1216 2309 ,
1231 2282 1287 2304 nec
1295 2271 1389 2304 vllum
1400 2271 1590 2304 beatitudinis
1599 2284 1654 2314 gu-

147 2316 223 2348 stum
234 2318 398 2361 perciperet
415 2329 486 2350 anie
498 2329 576 2350 eum.
596 2317 813 2363 Qamobrem
828 2316 859 2350 &
877 2317 1008 2349 fortassis
1025 2316 1157 2354 dicetur,
1173 2317 1260 2361 quod
1278 2318 1308 2348 in
1329 2319 1395 2350 casu
1412 2318 1563 2362 praemilso
1575 2343 1584 2356 ,
1595 2318 1654 2350 Pe·

148 2372 210 2394 trus
220 2368 250 2395 ὅ(
263 2362 376 2395 Paulus
385 2363 539 2407 aequaliter
554 2363 690 2407 omnino⁶
702 2373 855 2396 merentur
865 2387 874 2400 ,
887 2373 961 2407 ergo
977 2362 1094 2408 aequale
1101 2373 1303 2407 augmentum
1314 2365 1414 2407 gratiae
1424 2365 1453 2395 in
1463 2364 1611 2404 praesenti,
1621 2364 1653 2399 ὅ(

148 2408 254 2450 gloriae
269 2409 299 2440 in
312 2408 434 2449 sutur03
457 2420 549 2453 quare
564 2418 594 2442 ει
612 2409 718 2442 Petrus
735 2407 908 2443 (impliciter
926 2408 992 2452 plus
1007 2419 1159 2443 meretur,
1175 2408 1380 2442 dimissionem
1395 2409 1532 2442 videlicet
1550 2421 1653 2452 poenae

148 2454 224 2489 suae.
240 2465 347 2487 contra
364 2453 548 2499 hypothesin
567 2457 627 2486 iam
645 2451 835 2498 praemiffam.
867 2455 897 2487 Si
913 2465 1014 2486 autem
1031 2454 1149 2487 dicatur
1170 2466 1242 2487 cum
1256 2454 1411 2497 Apostolo
1425 2454 1462 2486 ad
1480 2456 1651 2492 Romanos,

151 2510 179 2542 ς,
198 2499 300 2542 Quod
318 2499 368 2532 vbi
386 2500 553 2534 abundauit
570 2500 715 2535 delistum
726 2525 735 2537 ,
752 2499 1248 2546 luperabundauit&gratia,ideo
1256 2502 1326 2544 quia
1340 2500 1416 2533 Iesus
1434 2500 1588 2539 Christus,
1599 2512 1652 2545 per

149 2557 242 2590 quem
260 2547 354 2589 gratia
370 2546 401 2580 ὃ(
420 2548 527 2578 veritas
552 2548 648 2590 magis
673 2547 803 2590 applicat
819 2548 961 2579 virtutem
981 2547 1038 2580 suae
1052 2546 1303 2580 benedictissimae
1319 2546 1349 2580 ἂ
1364 2547 1651 2580 immaculatissimae

149 2591 293 2635 passionis
310 2591 349 2622 ad
365 2594 506 2624 meritum
523 2592 619 2629 illius,
635 2595 687 2637 qui
705 2593 745 2625 est
761 2591 885 2625 debitor
903 2603 1004 2634 poenae
1026 2593 1226 2637 temporalis,
1244 2602 1370 2636 propter
1387 2591 1472 2625 suum
1490 2592 1650 2629 deli&um,

150 2637 250 2683 ficque
259 2649 285 2669 ei
295 2637 368 2670 vltra
379 2639 519 2670 meritum
531 2639 612 2671 suum
624 2649 791 2671 commune
806 2650 874 2672 cum
889 2638 964 2675 alio,
978 2650 1071 2671 etiam
1087 2650 1182 2681 poena
1193 2640 1356 2671 remittitur
1372 2638 1556 2682 temporalis.
1575 2638 1648 2671 Hoc

150 2694 251 2718 autem
272 2695 334 2716 non
354 2682 443 2715 iolunt
456 2708 465 2721 ,
479 2685 548 2725 quia
566 2682 636 2717 sicut
653 2684 724 2717 dicit
741 2685 906 2728 Apostolus
917 2709 924 2722 ‚
940 2685 989 2717 vbi
1006 2684 1172 2718 abundauit
1188 2683 1332 2717 deli-stum
1349 2683 1602 2727 superabundauit
1617 2689 1649 2716 Sc

151 2733 243 2773 gratia
253 2740 262 2763 3
273 2731 315 2762 est
325 2739 399 2772 ergo
407 2728 540 2762 remissio
549 2730 594 2762 illa
606 2741 707 2774 poenae
721 2742 754 2762 cx
767 2735 870 2774 gratia,
887 2742 951 2764 nori
962 2742 998 2765 ex
1007 2733 1114 2763 merito
1131 2731 1169 2764 de
1185 2730 1361 2775 condign03
1380 2740 1479 2774 neque
1495 2729 1649 2773 responsio

149 2777 201 2809 ista
209 2778 292 2808 iuuat
299 2775 480 2819 Pelagianos
489 2777 623 2821 ingratos
632 2776 768 2810 debitum
778 2779 954 2811 meritorum
963 2778 992 2809 in
1001 2777 1110 2810 talibus
1118 2776 1232 2809 nullam
1243 2778 1406 2820 gratuitam
1417 2787 1544 2819 gratiam
1554 2776 1650 2820 pxofi-

150 2832 267 2860 tenti-¹83
283 2832 339 2852 nec
349 2822 426 2854 ratio
435 2821 493 2854 vlla
507 2823 591 2865 cogit
608 2822 762 2856 Christum
774 2824 887 2866 passum
902 2826 998 2867 magis
1010 2822 1063 2855 {ibi
1073 2823 1215 2861 assistere,
1232 2823 1302 2855 cum
1315 2821 1514 2865 fitindignior
1524 2823 1586 2859 ,vel
1597 2821 1648 2855 {311-

148 2878 211 2902 tem
221 2877 287 2900 non
293 2865 425 2911 dignior,
434 2871 527 2912 quam
536 2867 570 2901 fit
577 2869 651 2903 alter
662 2869 728 2903 imo
738 2870 806 2903 cum
815 2869 926 2904 assistat
942 2869 1115 2903 voluntarie
1125 2894 1133 2908 ,
1143 2870 1242 2915 potest
1250 2869 1378 2902 assistere
1386 2870 1486 2901 minus
1495 2869 1541 2903 vel
1551 2879 1648 2946 aelqua-

978 2916 1001 2949 F
1019 2915 1036 2947 f
1061 2926 1076 2958 3
1583 2916 1649 2953 iter,
