1985 3130
112 137 162 187 C
177 158 200 186 A
216 155 319 186 azo
780 135 856 185 De
873 134 992 202 Caiffa
1005 137 1106 188 Det.
1691 157 1779 205 227

114 234 143 265 A
168 231 269 265 festus
277 232 471 266 immediatos
478 231 600 268 habere,
611 242 741 276 quorum
751 242 857 264 neuter
869 230 990 264 alterius
998 231 1068 265 effet
1077 235 1180 268 causa?
1200 235 1314 279 Neque
1331 237 1394 270 sola
1407 238 1550 271 voluntas
1565 237 1668 270 diuina

168 277 321 311 scientiam
333 280 394 312 Dei
409 276 526 316 causat3
546 278 721 311 Niillienim
730 276 931 311 dubitandum
942 278 1139 323 videtiirquin
1151 281 1315 315 intellectus
1331 281 1448 316 diuinus
1465 287 1564 317 astum
1581 287 1668 316 [uum

170 324 371 368 intelligendi,
381 329 416 359 ’δι
425 324 659 358 inteueaionem
669 322 859 357 scientificam
869 324 953 354 suam
963 323 1067 357 causet.
1085 326 1152 358 Cur
1159 338 1232 370 ergo
1241 326 1404 362 intellectus
1417 330 1535 362 diuinus
1547 331 1668 363 inruens

170 371 348 403 immediate
363 372 394 404 in
405 372 506 402 actum
524 369 689 403 voluntatis
697 370 819 408 diuinae,
836 379 899 413 quo
910 366 1003 402 efficit
1019 371 1195 405 immediate
1209 383 1254 405 res
1273 384 1365 413 extra,
1374 386 1437 407 non
1448 375 1542 418 possit
1556 377 1667 408 imme-

170 414 290 452 diatius‚
305 416 352 449 vel
361 416 464 448 saltem
481 418 522 448 ita
539 415 712 449 immediate
723 416 794 448 scire
802 426 856 459 per
872 414 1005 448 illumlic
1019 415 1095 454 fore,
1104 414 1172 457 esse,
1185 429 1236 451 aut
1253 416 1334 452 fuisse
1351 422 1488 458 exterius,
1501 420 1666 465 praesertim

170 462 241 493 curn
251 462 301 495 ille
309 464 390 495 astus
399 462 562 495 voluntatis
572 461 680 494 diuinae
695 460 858 494 intellestui
868 460 975 493 diuino
989 459 1118 496 sufficiat
1125 464 1161 497 ad
1179 463 1332 497 sciendum
1342 488 1350 503 ,
1368 469 1410 499 ita
1426 465 1560 500 videlicet
1577 466 1665 511 quod

169 518 214 540 res
224 508 417 552 posteriores,
425 509 454 539 in
464 510 597 551 propriis
608 506 663 540 suis
672 508 783 540 naturis
793 505 868 541 nihil
882 516 1014 540 ommno
1021 508 1060 540 ad
1071 506 1223 543 scientiam
1233 511 1291 543 Dei
1300 522 1402 555 agant,
1416 510 1487 545 ficut
1500 512 1665 555 praehabita

168 552 333 587 suadebant
344 567 355 592 3
367 554 433 588 imo
442 558 473 585 &
482 553 683 587 immediatior
693 552 922 598 quoquomodo
932 552 1051 586 videtur
1068 553 1243 598 intellestus
1251 556 1372 590 diuinus
1381 558 1530 590 voluntati
1542 559 1662 599 diuinae,

170 599 390 638 &astusaetun
405 611 499 644 quam
516 600 659 632 voluntas
667 599 725 631 Dei
741 609 792 632 aut
807 602 870 632 eius
887 598 1006 631 volutio
1018 599 1108 633 rebus
1117 612 1212 635 extra.
1237 602 1352 647 Neque
1366 605 1486 635 icientia
1503 605 1561 636 Dei
1577 614 1665 637 cotn-

170 644 257 688 plexa
271 645 389 679 videtur
398 643 483 679 causa
491 656 589 678 rerum
599 645 740 683 exterius,
753 643 806 677 nifi
817 654 963 689 quatenus
978 647 1118 679 notitiam
1135 646 1300 691 simplicem
1311 649 1534 691 incomplexam
1545 672 1554 687 ‚
1570 651 1601 685 (St
1610 649 1664 682 be·

168 691 355 735 neplacituin
366 689 414 724 seu
428 692 618 724 voluntatem
625 691 685 724 Dei
700 690 837 723 includit.
860 689 940 725 Illud
951 691 1111 735 Augustini
1128 704 1182 736 per
1190 694 1252 726 hoc
1264 693 1414 733 soluetur,
1430 694 1516 740 quod
1527 695 1663 740 loquitur

167 735 209 769 ibi
227 736 264 771 de
280 738 420 781 sapientia
427 739 486 771 Dei
500 736 607 783 quoad
619 740 709 773 intra,
718 746 778 780 qua
791 736 866 780 sapit
880 735 929 769 illa
938 748 1006 781 quae
1020 738 1194 781 praecedunt
1203 740 1375 773 naturaliter
1382 740 1570 774 voluntatem
1589 742 1662 775 diui.

130 796 155 828 Β
168 783 430 822 nam,cuiusmodi
439 785 478 818 est
487 784 639 828 generatio
647 782 712 820 filij.
738 783 816 814 Non
826 785 907 815 enim
916 782 1076 817 voluntate
1088 785 1276 829 praecedente
1291 798 1423 830 generat,
1440 787 1486 821 sed
1495 798 1612 825 natura,
1629 798 1662 822 vt

167 828 258 862 docet
268 829 456 874 Augustinus
470 841 480 861 i
492 840 520 873 5.
531 828 569 862 de
577 829 751 863 Trinit.2o.
762 833 793 860 Sc
801 828 928 862 scientiae
937 828 1041 862 talium
1052 841 1114 863 non
1122 830 1163 864 est
1176 832 1318 865 voluntas
1328 833 1388 865 Dei
1397 834 1492 871 causa,
1510 831 1580 866 sicut
1589 844 1662 877 pro-

167 876 285 907 ximum
302 875 390 908 huius
407 875 523 919 pandit.
541 874 693 916 Quaefiuit
707 876 789 908 enim
799 874 944 914 otofius,
956 875 1008 906 An
1018 875 1174 911 voluntate
1181 881 1285 922 genuit
1296 878 1386 912 Pater
1394 877 1501 918 filium,
1512 890 1548 912 an
1559 880 1662 912 neces-

166 918 250 954 litate
260 935 271 960 3
282 920 459 966 Respondet
466 921 665 965 Augustinus,
678 920 765 966 quod
774 933 828 954 nec
842 921 1017 961 voluntate,
1026 932 1081 954 nec
1093 925 1274 962 necessitate.
1289 928 1358 968 quia
1373 923 1527 958 necessitas
1542 927 1573 958 in
1588 926 1660 959 Deo

166 977 229 999 non
248 968 300 1005 est,
315 974 346 1001 δε
356 969 457 1012 praeite
466 967 608 1001 voluntas
618 965 793 1012 sapientiam
802 978 866 1001 non
877 968 984 1011 potest,
1001 968 1119 1013 quaeest
1128 967 1214 1003 filius.
1241 970 1336 1003 Aliud
1355 970 1547 1004 Ecclesiastici
1563 971 1662 1014 poffet

164 1013 274 1046 eodem
285 1015 382 1046 modo
390 1010 518 1057 glossari.
541 1013 673 1047 Videtur
680 1014 773 1052 enim,
783 1012 867 1057 quod
875 1013 1067 1057 loquaturibi
1076 1014 1113 1047 de
1120 1013 1184 1047 filio
1191 1018 1245 1060 qui
1255 1017 1295 1049 est
1305 1017 1454 1060 Sapientia
1462 1041 1470 1055 ‚
1489 1017 1526 1049 de
1535 1018 1661 1060 Sapien-

165 1060 204 1091 tia
214 1060 271 1091 Dei
289 1058 401 1099 Patris,
415 1061 446 1094 ὅ(
459 1058 527 1092 ideo
545 1058 616 1093 dicit
630 1058 684 1099 ibi,
700 1059 781 1093 Fons
791 1058 952 1105 sapientiae·
960 1057 1085 1092 verbum
1095 1061 1153 1093 Dei
1171 1063 1203 1094 in
1219 1062 1348 1095 excelfis.
1371 1063 1466 1096 Aliter
1476 1063 1570 1104 potest
1586 1063 1658 1100 dici,

165 1104 252 1148 quod
262 1104 379 1139 videtur
393 1104 570 1150 intelligere,
585 1105 671 1149 quod
690 1107 832 1150 sapientia
846 1106 905 1138 Dei
921 1104 1071 1149 praeccdat
1082 1108 1187 1139 omnia
1196 1118 1279 1141 extra
1294 1110 1395 1141 Deum
1408 1133 1415 1145 ‚
1432 1108 1539 1141 scilicet
1552 1112 1658 1141 omnia

164 1161 272 1186 creata,
285 1162 345 1184 non
356 1153 462 1184 omnia
471 1151 548 1184 intra
557 1163 634 1184 eum.
659 1152 806 1195 Namque
816 1150 1041 1195 dicitibi‚pri0r
1049 1154 1137 1184 omni
1145 1163 1242 1187 creata
1251 1155 1292 1186 est
1300 1153 1452 1198 sapientia.
1474 1155 1508 1186 ht
1517 1154 1593 1187 insta
1604 1165 1653 1197 24.

164 1196 336 1240 expressius,
346 1200 376 1230 in
386 1191 511 1241 persona
521 1197 632 1230 diuinae
640 1199 791 1241 sapientise
800 1198 943 1233 dicitita3
959 1197 1025 1241 Ego
1036 1208 1073 1230 ex
1089 1209 1143 1230 ore
1158 1199 1292 1232 altissimi
1302 1201 1419 1243 prodiui
1431 1225 1438 1235 ,
1455 1202 1657 1243 primogenita

164 1252 234 1274 ante
249 1254 373 1276 omnem
387 1253 572 1283 creaturam;
591 1244 657 1287 Ego
673 1242 729 1276 feci
746 1245 775 1275 in
787 1244 902 1279 Caelis,
913 1254 945 1277 vt
958 1244 1201 1288 orireturlumen
1217 1246 1402 1285 indeficiens,
1414 1248 1444 1280 ot
1460 1246 1532 1279 sicut
1544 1246 1657 1279 nebula

163 1289 224 1319 texi
242 1300 367 1321 omnem
378 1299 499 1322 terram.
523 1289 685 1322 Anselmus
693 1299 796 1322 autem
811 1289 1112 1334 videturintelligere‚
1131 1289 1170 1323 de
1186 1291 1399 1328 necessitate&
1415 1292 1657 1336 impossibilitate

122 1346 150 1377 ς
163 1334 379 1376 posterioribus
396 1335 551 1368 voluntate
560 1335 675 1375 diuina,
688 1336 719 1366 in
730 1335 818 1369 rebus
827 1334 1005 1369 creabilibus
1016 1359 1023 1371 ,
1039 1336 1087 1369 vel
1101 1338 1217 1375 creatis,
1234 1349 1293 1383 qua
1303 1337 1475 1371 necessitate
1489 1336 1656 1371 secundum

162 1378 259 1420 ipsum
270 1379 321 1419 ibi,
339 1379 525 1413 necessarium
536 1380 592 1414 fuit
608 1381 840 1424 quodammodo
857 1380 1012 1415 Christum
1027 1384 1120 1419 mori,
1136 1390 1167 1416 8(
1183 1384 1370 1426 impossibile
1380 1395 1444 1416 non
1452 1386 1542 1416 mori.
1564 1384 1656 1416 Vnde

162 1429 194 1456 &
204 1426 300 1458 statim
310 1428 377 1470 post
386 1427 530 1470 praemiffa
541 1426 709 1470 subiungit3
720 1438 821 1472 quare,
830 1428 974 1471 quoniam
984 1439 1050 1471 quae
1059 1428 1134 1466 vult,
1143 1429 1174 1464 ὅ(
1183 1441 1246 1461 non
1256 1429 1309 1462 nifi
1318 1442 1382 1474 quat
1391 1429 1467 1469 vult,
1481 1429 1562 1466 iacit,
1581 1429 1654 1462 sicut

161 1471 243 1504 nulla
252 1474 421 1511 necessitas,
429 1472 488 1505 siue
497 1471 717 1516 impossibilitas
726 1472 866 1517 praeccdit
876 1476 939 1506 eius
950 1473 1026 1506 velle
1035 1485 1086 1506 aut
1097 1475 1178 1508 nolle
1189 1489 1200 1515 5
1215 1478 1255 1508 ita
1266 1487 1319 1509 nec
1327 1477 1389 1509 eius
1397 1475 1494 1508 facere
1503 1501 1512 1514 ‚
1525 1486 1575 1508 aut
1588 1486 1654 1511 non

162 1517 271 1557 facere,
280 1519 420 1561 quamuis
432 1519 523 1551 multa
534 1518 839 1552 velitimmutabilitei:
852 1519 992 1554 &facian

200 1723 611 1791 Distinguitstmiliter
619 1726 754 1776 volum
771 1730 812 1776 in
818 1731 953 1796 priora
965 1738 1024 1784 ξφ·
1029 1730 1242 1802 posteriora
1259 1728 1465 1777 voluntate
1474 1729 1628 1789 diuina,

276 1802 335 1847 <7⁴
352 1793 529 1856 ostendit,
545 1795 651 1864 quad
664 1796 802 1846 voluta
807 1799 1020 1868 posteriora
1031 1817 1106 1849 non
1116 1804 1219 1865 sunt
1239 1804 1354 1864 causa
1368 1800 1539 1848 volutio„

116 1898 148 1930 D
332 1867 393 1911 nis
404 1862 564 1925 diuinae,
574 1884 644 1914 nec
653 1870 851 1934 causlzfine
864 1887 941 1936 qua
951 1888 1027 1917 non
1040 1901 1053 1936 3
1068 1878 1129 1924 (9-
1139 1868 1246 1937 quod
1251 1870 1387 1918 voluta
1389 1872 1483 1936 pri»

613 1955 682 1985 ora
688 1941 795 2002 sunt
812 1937 947 2006 aliqua
964 1939 1080 1999 causa
1100 1943 1198 1990 eius.

265 2052 275 2066 f
331 2028 506 2074 ,ζὴ
538 2025 566 2058 Is
581 2025 621 2058 ita
637 2024 839 2059 constantibus
854 2037 951 2059 ramm
961 2028 1028 2063 erit,
1045 2026 1133 2072 quod
1141 2026 1246 2060 voluta
1254 2028 1419 2071 posteriora
1433 2025 1594 2059 volutione
1610 2027 1657 2060 di-

330 2072 341 2082 ⁷‘
468 2076 501 2160 <j
537 2072 619 2110 uina,
635 2082 696 2103 non
707 2070 774 2104 sunt
791 2070 876 2105 causs
884 2072 1052 2106 volutionis
1066 2072 1190 2113 diuinae,
1205 2084 1262 2106 nec
1274 2072 1358 2105 causa
1373 2073 1435 2105 sine
1451 2083 1510 2115 qua
1527 2083 1606 2111 noti,
1623 2083 1655 2106 vt

466 2200 481 2214 N

269 2090 278 2103 ἢ
333 2097 334 2107 ,
380 2091 400 2111 ¹5
463 2095 475 2103 ι

271 2124 283 2132 ’
301 2106 335 2146 2⁸·
353 2125 365 2153 ,ς
381 2132 392 2142 ν
459 2109 494 2165 Υ]
538 2115 688 2161 fingitura
703 2116 900 2161 quibusdam,
917 2117 948 2152 &
965 2118 1053 2162 quod
1070 2118 1175 2151 voluta
1190 2121 1290 2160 priora
1299 2120 1367 2151 lunt
1375 2119 1474 2163 aliqua
1490 2118 1574 2151 (κυῶ
1582 2119 1656 2152 eius.

400 2162 402 2165 '
460 2164 500 2203 ῃ
538 2163 613 2195 Sunt
622 2174 723 2195 aurem
733 2163 832 2208 aliqua
840 2162 944 2196 voluta
954 2166 1055 2207 priora
1064 2166 1224 2199 volutione
1234 2165 1349 2200 diuina,
1364 2175 1396 2196 vt
1407 2165 1508 2196 Deum
1519 2162 1656 2203 effi:‚De-

409 2207 419 2220 ¹
460 2202 486 2267 b*
538 2220 588 2240 um
598 2209 655 2241 effe
664 2210 926 2253 omnipotentem,
935 2208 1064 2243 bonum.
1075 2211 1322 2253 cognoscentem.
1331 2209 1362 2243 &
1372 2208 1486 2242 similia.
1503 2210 1570 2241 Alia
1581 2209 1656 2243 vero

537 2256 713 2298 posteriora,
724 2266 756 2288 vt
763 2266 861 2288 totum
870 2254 1022 2289 mundum
1031 2254 1097 2294 effe,
1105 2256 1134 2289 ὃ(
1143 2255 1272 2300 singulas
1283 2267 1382 2301 partes
1391 2257 1460 2289 eius.
1478 2256 1554 2287 Haec
1566 2257 1656 2299 igitur

537 2302 590 2333 tria
604 2300 642 2332 de
652 2300 812 2334 volutione
826 2300 928 2334 diuina
943 2301 1192 2344 poffuntostendi
1202 2301 1335 2334 similiter
1344 2301 1415 2334 sicut
1426 2303 1479 2334 tria
1488 2312 1588 2344 priora
1604 2313 1655 2333 ca-

537 2345 641 2389 pitula,
651 2345 846 2390 scilicet151¹m
867 2353 944 2378 i6um
955 2353 986 2380 ὅτ
998 2353 1074 2388 17um
1086 2349 1139 2380 tria
1151 2347 1254 2379 similia
1263 2347 1300 2380 de
1307 2347 1407 2380 diuina
1423 2347 1542 2379 scientia
1552 2347 1654 2380 osten-

162 2393 292 2433 debant3
310 2394 490 2439 possuntque
498 2391 660 2439 perlocum
677 2392 694 2423 a
704 2392 802 2431 simili,
816 2393 902 2426 aliter
914 2393 1044 2426 suadem
1063 2392 1101 2424 fic
1114 2392 1192 2426 estin
1202 2392 1323 2425 scientia
1332 2393 1447 2427 diuina;
1465 2402 1556 2436 quare
1570 2399 1601 2424 ὁ(
1620 2394 1651 2426 in

121 2457 147 2490 E
162 2439 425 2474 voliitionediuina
436 2465 444 2477 ,
459 2438 589 2474 maxime
598 2438 667 2470 curn
677 2438 813 2471 voluntas
825 2436 857 2471 sit
867 2437 1008 2470 italibera
1015 2438 1062 2471 vel
1077 2437 1370 2471 liberiorintellestu.
1395 2439 1469 2471 item
1479 2439 1574 2481 prima
1585 2450 1652 2481 pars

160 2485 248 2518 huius
258 2487 348 2527 potest
357 2485 470 2519 ostendi
480 2497 531 2530 per
541 2482 619 2521 hoc,
634 2483 718 2528 quod
728 2484 866 2517 voluntas
881 2485 937 2517 Dei
953 2485 993 2517 est
1008 2483 1093 2517 causa
1103 2485 1245 2516 omnium
1262 2484 1474 2527 posteriorum,
1490 2494 1520 2515 vt
1535 2495 1651 2517 nonum

160 2531 191 2566 ἃ
201 2531 352 2564 decimum
363 2542 503 2576 quartum
514 2529 642 2573 capitula
653 2529 838 2562 docuerunt:
858 2528 878 2561 si
887 2541 959 2574 ergo
966 2527 1089 2572 aliquod
1105 2530 1231 2562 istorum
1248 2530 1317 2562 esset
1332 2531 1417 2561 causa
1432 2528 1596 2563 volutionis
1605 2530 1650 2563 di-

160 2579 248 2613 uinae,
262 2575 334 2609 illud
350 2577 419 2610 esset
435 2575 517 2610 caufi
541 2575 685 2619 suiipsius,
720 2575 801 2607 Item
817 2574 900 2608 aliter
922 2577 1006 2608 Deus
1028 2574 1152 2608 nesciret
1166 2587 1234 2609 vera
1251 2577 1415 2620 posteriora
1426 2600 1434 2613 ,
1454 2574 1525 2607 sicut
1541 2574 1651 2608 decimi

160 2625 257 2656 ostaui
268 2621 594 2656 sententiamanisestat.
619 2621 685 2653 Nec
703 2621 790 2654 Deus
798 2619 972 2655 effctcertus
982 2620 1019 2652 de
1027 2622 1066 2653 eis
1080 2645 1088 2658 ,
1104 2623 1252 2666 quoniam
1268 2620 1303 2653 ad
1315 2623 1376 2653 eius
1395 2621 1585 2653 volutionem
1603 2632 1652 2652 ne-

162 2667 283 2701 ceffitio
303 2669 491 2712 praeexigitur
501 2670 588 2700 causa
602 2667 712 2700 incerta
724 2691 731 2702 ,
747 2664 854 2699 scilicet
870 2666 918 2699 illa
934 2667 1117 2709 posteriora.
1134 2677 1167 2698 vt
1183 2666 1281 2699 futura
1300 2669 1524 2710 contingentia,
1541 2667 1571 2700 ὅ(
1587 2666 1651 2698 haec

160 2714 198 2746 ad
214 2716 274 2746 eius
290 2715 461 2750 scientiam,
480 2713 551 2747 ficut
567 2711 677 2747 codem
694 2712 747 2744 18³
762 2713 876 2756 planius
893 2713 931 2744 cst
940 2723 1092 2756 argutum.
1111 2713 1185 2745 Item
1196 2724 1263 2745 cum
1277 2713 1362 2745 Deus
1372 2712 1408 2744 de
1418 2709 1590 2744 necessitate
1600 2724 1652 2745 cu-

160 2759 278 2792 iuslibet
299 2759 548 2792 contradiffionis
574 2759 696 2791 alteram
715 2769 826 2801 partem
843 2758 931 2794 sciat,
950 2758 980 2791 ὅ(
998 2757 1058 2789 hoc
1074 2760 1103 2791 in
1121 2757 1263 2790 omnibus
1281 2757 1359 2790 scitis
1375 2756 1586 2800 posterioribus
1601 2769 1651 2802 pet

161 2806 244 2838 stiam
254 2805 456 2840 voluntatem,
469 2817 519 2837 oer
529 2801 607 2837 idem
618 2803 808 2844 Capitulum,
820 2803 966 2836 stvolutio
977 2805 1040 2836 eius
1048 2805 1184 2837 causetur
1195 2805 1211 2836 ἒι
1223 2803 1433 2848 posterioribus
1452 2804 1563 2835 volutis
1574 2828 1581 2841 ,
1597 2814 1652 2835 vo-

162 2853 257 2886 luntas
265 2850 367 2883 diuina
377 2850 535 2884 necessario
546 2852 655 2894 patitur
665 2849 701 2883 ab
711 2851 751 2883 eis
760 2850 955 2883 volutionem
962 2860 1011 2882 aut
1020 2850 1236 2889 uolutionem3
1253 2849 1418 2894 quomodo
1430 2861 1503 2894 ergo
1519 2847 1609 2926 babber
1619 2849 1652 2879 li-

1571 2905 1652 2928 eram
