1985 3130
221 181 310 239 782
817 170 984 222 ‘Thomae
992 170 1275 222 Dradwardini
1685 174 1733 224 L
1746 195 1758 224 1
1775 196 1817 228 Β.
1834 197 1870 241 3.

332 272 472 305 Ostende
480 271 726 305 mihiclaritatem
734 280 835 303 tuum
849 267 957 302 &tunc
966 266 1086 311 quidem
1096 268 1271 312 responsum
1279 267 1392 311 accepit
1401 267 1419 299 ὲ
1435 267 1576 301 Domino
1586 267 1764 313 figuratum,
1778 270 1816 304 de
1832 274 1863 306 A

332 330 396 363 quo
406 319 532 361 longum
543 319 581 350 est
591 319 636 349 dis
637 326 751 359 putare,
761 314 885 358 quando
894 313 1014 352 eidixit,
1023 313 1100 345 Non
1111 315 1223 357 poteris
1233 312 1333 346 videre
1348 313 1456 345 faciem
1467 323 1565 346 meam
1574 315 1604 349 ὃ(
1615 315 1735 348 viuere:
1751 327 1815 350 non

334 367 414 396 enim
427 365 539 397 videbit
547 363 644 395 homo
653 363 756 394 faciem
768 360 1008 397 meam,&viuet.
1033 357 1101 391 Nili
1111 369 1207 392 tamen
1218 369 1412 402 concupitam
1421 359 1452 392 ἃ
1461 357 1655 392 desideratam
1665 361 1727 393 Dei
1735 361 1817 395 clari-

334 421 427 442 tatem
438 408 539 441 Moscs
549 408 649 441 videre
659 407 809 440 meruisset
817 430 826 444 ‚
843 415 907 437 non
917 407 946 437 in
956 405 1033 437 libro
1044 405 1254 437 Numerorum
1269 403 1378 436 diceret
1394 405 1480 436 Deus
1497 403 1535 435 ad
1545 405 1647 438 Aaron
1657 406 1688 440 ὅ(
1698 407 1818 441 Miriam

333 459 436 487 iratres
445 457 519 487 cius.
545 453 659 486 Audite
669 452 758 486 verba
767 463 846 491 mea,
856 450 873 482 si
883 452 968 483 tuerit
977 449 1127 492 Propheta
1136 451 1209 482 inter
1220 461 1274 482 vos
1283 474 1294 489 ‚
1310 451 1338 481 in
1358 448 1521 482 vifioneilli
1535 450 1687 483 Dominus
1704 462 1820 495 cogno·

334 500 442 537 scar,&
453 503 480 533 in
491 502 600 532 somno
609 499 715 541 loquar
723 498 763 530 illi
772 509 782 530 ·‚
792 508 853 529 non
864 497 903 528 ita
911 497 1141 540 quoquomodo
1151 494 1279 528 famulus
1289 505 1375 527 meus
1386 495 1525 528 Mosesin
1534 505 1597 529 tota
1607 496 1702 529 domo
1711 508 1778 532 mea
1786 497 1818 530 fi-

335 547 408 578 delis
417 547 456 580 cst
465 557 513 582 ’,οε
523 544 561 577 ad
569 555 602 576 os
611 544 716 586 loquar
723 542 760 576 ad
769 542 866 577 illum,
877 543 906 572 in
916 541 1019 583 specie,
1028 541 1057 575 ὅ(
1067 552 1129 573 non
1139 551 1191 584 per
1200 542 1367 583 aenigmata,
1376 546 1406 573 8<
1417 540 1578 573 claritatem
1589 541 1717 576 Domini
1726 543 1817 577 videt.

337 593 448 634 Neque
457 593 537 625 enim
546 590 607 623 hoc
616 588 780 620 secundum
796 586 982 619 substantiam
992 588 1125 628 corporis
1137 610 1145 622 ,
1161 597 1226 629 quae
1234 587 1329 618 carnis
1338 583 1469 618 sensibus
1477 584 1670 630 prasentatur
1678 611 1686 624 .
1709 588 1820 622 intelli-

336 637 472 681 gendum
483 637 531 669 est.
559 637 593 667 Et
605 636 791 678 sequitur54.
804 632 859 666 lllo
868 643 943 676 ergo
954 631 1051 663 modo
1062 633 1090 664 in
1099 632 1146 665 illa
1156 631 1247 674 specie
1257 642 1314 675 qua
1322 632 1404 663 Deus
1413 631 1468 668 est,
1484 632 1770 676 longeineffabiliter
1778 636 1820 666 se-

337 686 445 717 cretius
454 683 484 715 ὁ(
495 679 667 726 pra-sentius
677 680 811 724 loquitur
821 678 972 710 locutione
980 676 1137 715 ineffabili,
1147 677 1200 709 vbi
1209 688 1277 709 eum
1287 687 1380 710 nemo
1390 676 1496 710 videns
1505 678 1585 710 viuet
1595 680 1654 712 vita
1663 679 1727 719 ista,
1749 681 1820 725 quia

337 728 503 761 mortaliter
511 729 612 759 viuitis
623 727 651 758 in
661 726 719 758 istis
728 721 857 756 sensibus
865 723 1016 766 corporis,
1027 724 1075 754 scd
1088 721 1141 755 nisi
1150 720 1187 754 ab
1196 722 1252 755 hac
1262 724 1323 754 vita
1339 723 1463 766 quisque
1477 722 1714 768 quodammodo
1729 727 1822 758 tuori-

339 785 415 813 arur,
427 773 484 806 siue
493 783 621 806 ommno
629 774 731 804 exiens
739 770 776 802 dc
785 780 924 811 corpore,
934 767 992 800 siue
1001 779 1042 799 ita
1051 766 1393 801 auersus&abalicnatus
1409 771 1426 799 ὲ
1444 766 1606 802 carnalibus
1622 769 1751 804 sensibus
1760 795 1771 811 ‚
1787 780 1821 805 vt

338 823 446 852 merito
456 819 574 854 nesciat,
585 818 656 850 ficut
668 814 835 860 Apostolus
845 816 895 850 ait,
905 824 1004 846 vtrum
1016 815 1045 845 in
1056 823 1183 857 corpore
1197 825 1233 845 an
1244 823 1325 846 extra
1333 824 1440 857 corpus
1450 812 1494 850 fit,
1505 824 1573 847 cum
1584 815 1700 848 inillam
1712 826 1821 861 rapitur
1836 807 1856 839 Β

340 864 369 898 ὃ(
383 864 553 898 subueliitur
562 861 722 895 visionem.
755 862 792 892 Et
801 860 933 904 sequitur
946 870 993 902 55.
1003 861 1197 902 Qaproptcr
1208 857 1226 890 si
1236 858 1297 890 hoc
1306 861 1423 891 tertium
1434 858 1554 893 visionis
1562 871 1656 904 genus
1665 884 1674 898 ,
1691 862 1772 905 quod
1782 860 1823 895 su-

339 913 433 951 perius
444 912 482 942 est
492 912 521 942 in
532 910 617 941 omni
627 908 741 940 visione
749 905 898 949 corporali
908 906 938 939 ὅ(
948 905 1097 947 spirituali,
1108 905 1225 936 tertium
1234 903 1347 936 coelum
1357 904 1517 948 appellauit
1531 905 1708 949 Apostolus,
1716 906 1748 939 In
1760 906 1821 939 hoc

339 956 459 988 videtur
467 955 580 988 claritas
590 954 708 991 Dci‚cui
717 951 852 985 videnda:
862 950 952 983 corda
962 950 1156 983 mundantur:
1166 949 1245 982 vnde
1254 949 1368 981 dietum
1378 951 1508 986 est‚Beati
1517 951 1634 982 mundo
1643 950 1824 996 corde,quo-

348 1003 428 1033 niam
438 999 491 1044 ipsi
509 1002 612 1034 Deum
622 998 779 1034 videbunt,
794 1007 857 1028 non
867 1007 918 1040 per
927 995 1059 1039 aliquam
1069 995 1265 1039 corporaliter
1280 995 1327 1026 vel
1345 996 1528 1039 spiritualiter
1544 995 1700 1040 figuratam
1715 996 1824 1040 signifi-

345 1048 657 1089 cationem,tanquam
666 1055 719 1088 per
729 1041 880 1086 speculum
888 1045 917 1074 in
926 1052 1097 1083 aenigmate,
1108 1040 1153 1073 ied
1162 1039 1236 1073 facie
1245 1040 1280 1073 ad
1292 1040 1409 1076 faciem,
1420 1041 1502 1084 quod
1511 1040 1548 1074 de
1555 1042 1642 1074 Mose
1649 1041 1761 1075 dictum
1770 1044 1823 1081 est,

344 1104 379 1124 os
389 1092 424 1125 ad
435 1103 482 1127 os,
492 1103 543 1135 per
554 1091 680 1134 speciem
690 1089 796 1121 scilicet
804 1099 862 1131 qua
869 1088 952 1119 Deus
963 1089 1002 1120 est
1010 1085 1155 1130 quicquid
1163 1086 1216 1122 est,
1233 1097 1494 1130 quantumcunque
1500 1098 1569 1120 eum
1580 1098 1677 1126 mens,
1687 1099 1751 1131 quae
1760 1099 1823 1122 non

343 1138 384 1169 cst
394 1136 477 1181 qnod
488 1136 559 1180 ipse,
570 1139 662 1167 eriam
671 1134 708 1167 ab
725 1135 811 1167 omni
821 1143 934 1166 terrena
944 1132 1010 1165 labe
1019 1131 1214 1169 mundata,ab
1223 1133 1446 1174 omnicorpore
1462 1136 1492 1166 ἀ
1509 1130 1700 1166 similitudine
1714 1144 1825 1174 corpo—

343 1186 381 1216 ris
390 1184 514 1215 alienata
526 1183 556 1217 ὅ(
565 1192 680 1225 arrepta
689 1190 792 1224 capere
802 1179 917 1222 potest:
929 1179 945 1209 a
956 1189 1029 1222 quo,
1040 1177 1069 1209 id
1079 1179 1130 1212 est,
1138 1178 1218 1215 Deo,
1232 1178 1453 1220 peregrinamur
1461 1177 1579 1210 mortali
1593 1179 1623 1212 ὅ(
1640 1177 1825 1222 corruptibili

342 1240 435 1261 onere
442 1230 567 1271 grauati,
576 1225 721 1270 quamdiu
731 1235 783 1270 per
794 1224 885 1257 fidem
895 1222 1165 1259 ambulamusmon
1175 1233 1226 1265 pet
1234 1221 1372 1266 speciem.
1400 1223 1466 1254 Cur
1473 1233 1570 1255 autem
1581 1234 1643 1256 non
1655 1223 1825 1264 credamus,

344 1274 428 1317 quod
438 1285 521 1306 tanto
531 1271 683 1316 Apostolo
698 1271 827 1303 Dostori
835 1271 968 1314 gentium
978 1278 1066 1311 rapto
1082 1266 1171 1311 vsque
1184 1267 1221 1301 ad
1237 1268 1321 1301 istam
1336 1265 1560 1300 excelsissimam
1571 1267 1713 1302 visionem
1722 1269 1825 1304 volue-

343 1331 379 1353 rit
391 1321 472 1352 Deus
482 1318 683 1352 demonstrare
693 1317 785 1349 vitam
797 1340 808 1355 ‚
825 1317 854 1348 in
871 1325 930 1357 qua
939 1316 1003 1357 post
1012 1314 1092 1345 hanc
1101 1315 1195 1346 vitam
1206 1312 1368 1346 videndum
1380 1313 1456 1346 estin
1465 1320 1626 1347 :eternum-3
1653 1315 1749 1347 Etcur
1758 1326 1822 1348 non

343 1366 455 1397 dicatur
465 1366 514 1397 iste
532 1359 698 1398 paradisus,
719 1371 847 1404 excepto
861 1358 927 1398 illo,
942 1361 971 1391 in
989 1371 1051 1402 quo
1061 1357 1452 1402 corporalitervixitAdam
1467 1364 1476 1389 ἓ
1494 1358 1636 1404 Qi&8.
1648 1361 1734 1403 super
1743 1361 1822 1394 Gen.
1834 1360 1864 1393 C

345 1412 382 1443 ad
391 1411 505 1443 literam
516 1419 564 1450 34.
576 1406 764 1446 Certissime,
773 1408 884 1450 inquit,
892 1415 991 1437 tenere
999 1403 1143 1437 debemus
1154 1405 1253 1436 Deum
1261 1414 1311 1436 aut
1318 1414 1369 1446 per
1377 1402 1460 1435 suam
1468 1401 1655 1437 substantiam
1664 1404 1762 1448 loqui,
1773 1417 1823 1439 aut

342 1468 394 1500 per
406 1454 457 1488 sibi
467 1454 613 1489 subditam
623 1462 785 1485 creaturam
797 1451 860 1485 :sed
870 1462 921 1494 per
931 1450 1122 1483 substantiam
1132 1450 1211 1481 suam
1221 1460 1284 1481 non
1293 1449 1390 1491 loqui,
1401 1446 1452 1480 nisi
1459 1449 1496 1481 ad
1504 1449 1646 1482 creandas
1655 1460 1764 1484 omnes
1773 1462 1824 1483 na-

342 1512 419 1535 turas
430 1500 485 1540 μά
495 1499 656 1543 spirituales
674 1496 1002 1533 vero&intelle&uales
1011 1507 1074 1527 non
1083 1494 1178 1528 solum
1187 1493 1346 1530 creandas,
1362 1493 1412 1526 sed
1427 1495 1516 1527 etiam
1524 1494 1744 1534 illuminandas,
1753 1507 1824 1528 cum

341 1559 399 1580 iam
415 1547 535 1590 possunt
543 1555 651 1590 capere
660 1543 844 1576 locutionem
855 1543 916 1574 eius
926 1565 934 1578 ,
960 1541 1055 1584 qualis
1068 1542 1107 1573 est
1122 1542 1152 1573 in
1161 1538 1254 1572 verbo
1269 1541 1344 1574 eius,
1367 1538 1460 1584 quod,
1472 1539 1507 1573 In
1520 1541 1667 1584 principio
1675 1550 1737 1573 erat
1745 1542 1826 1585 apud

340 1595 454 1628 Deum.
478 1594 508 1627 ὅι
526 1593 609 1624 Deus
623 1599 685 1623 erat
701 1587 840 1623 Verbum
850 1599 901 1631 per
910 1587 993 1631 quod
1003 1586 1081 1620 faeta
1090 1584 1282 1621 suntomnia3
1308 1585 1369 1619 Illis
1377 1595 1488 1622 autem,
1502 1588 1553 1630 qui
1566 1596 1631 1619 eam
1640 1597 1746 1628 capere
1756 1599 1823 1621 non

340 1639 477 1682 possunt,
485 1647 555 1669 cum
564 1636 700 1679 loquitur
710 1636 810 1673 Deus,
820 1645 883 1665 non
895 1632 946 1665 nisi
958 1644 1010 1675 per
1017 1642 1182 1665 creaturam
1196 1632 1344 1675 loquitur,
1353 1641 1401 1665 aut
1410 1630 1626 1664 tantummodo
1634 1632 1825 1676 spiritualem,

342 1684 401 1717 fiue
410 1685 439 1714 in
457 1684 580 1720 somnis,
590 1680 646 1714 fiue
655 1681 684 1714 in
692 1678 794 1719 exrafi,
803 1682 835 1711 in
844 1677 1034 1711 similitudine
1041 1689 1137 1711 retum
1149 1677 1421 1720 corporalium‚aut
1429 1678 1516 1709 etiam
1525 1676 1676 1721 peripsam
1684 1688 1826 1721 corpora-

343 1730 402 1762 lem
413 1728 498 1764 ‚dum
508 1726 635 1760 sensibus
643 1726 781 1770 corporis
792 1724 943 1769 velaliqua
952 1725 1061 1767 species
1074 1733 1212 1767 apparet,
1235 1722 1281 1755 vel
1297 1723 1438 1755 insonant
1450 1733 1551 1756 voces,
1575 1723 1615 1755 Et
1630 1721 1720 1756 to.de
1729 1723 1826 1758 Ciuit-

344 1777 402 1807 Dei
414 1784 459 1816 14.
468 1774 617 1815 sicinquit,
632 1772 753 1804 Diuinae
763 1770 957 1815 prouidentia:
967 1768 1405 1812 placuitOtdinaretemporum
1414 1767 1528 1800 cursum
1537 1793 1548 1808 ,
1564 1778 1596 1800 Vt
1612 1768 1658 1801 lex
1673 1770 1704 1800 in
1719 1769 1824 1802 edistis

343 1821 533 1862 Angelorum
545 1819 662 1850 daretur
671 1817 708 1850 de
717 1818 803 1849 vnius
812 1817 873 1848 veri
886 1816 944 1847 Dei
952 1815 1031 1847 cultu
1043 1828 1053 1853 ;
1064 1817 1093 1846 in
1103 1812 1211 1858 quibus
1221 1814 1250 1848 ὅ(
1260 1812 1387 1857 persona
1396 1812 1484 1857 ipsius
1498 1814 1554 1846 Dei
1564 1824 1629 1846 non
1639 1813 1762 1858 quidem
1772 1825 1824 1857 per

344 1864 425 1897 suain
437 1863 711 1905 substanriam,qnae
720 1859 1080 1905 sempercorruptibilibus
1095 1860 1190 1892 oculis
1203 1859 1357 1891 inuisibi'li's
1367 1869 1520 1903 permanet
1529 1883 1538 1897 ‚
1558 1855 1604 1892 scd
1612 1860 1696 1891 certis
1705 1859 1825 1898 indiciis

346 1922 397 1953 per
408 1909 569 1943 subiestam
581 1909 893 1940 Creatoricreaturam
904 1905 1053 1939 visibiliter
1061 1915 1237 1949 appareret,
1254 1906 1284 1939 ὃ(
1300 1903 1464 1948 syllabatim
1471 1903 1699 1948 pertransitorias
1708 1915 1825 1949 tempo-
1840 1910 1869 1944 u

347 1967 411 1988 rum
423 1956 556 1988 morulas
565 1953 702 1987 humanae
711 1953 820 1996 linguae
832 1950 1138 1994 vocibusloquerctur
1148 1975 1157 1989 ‚
1177 1961 1242 1993 qua:
1252 1951 1280 1983 in
1298 1951 1347 1982 sua
1357 1960 1463 1981 natura
1471 1961 1533 1982 non
1542 1949 1750 1992 corporaliter,
1774 1950 1824 1985 sed

347 2000 542 2043 spiritualiter,
551 2010 612 2032 non
623 1998 806 2035 sensibiliter,
815 1996 862 2030 sed
871 1997 1103 2040 intelligibiliter,
1113 2008 1175 2028 non
1186 1996 1398 2039 temporaliter,
1405 1994 1454 2027 sed
1462 2005 1494 2027 vt
1503 1996 1543 2027 ita
1553 1993 1663 2032 dicam,
1681 1996 1825 2029 aeternali·

347 2058 391 2078 tcr
407 2058 459 2078 nec
478 2047 583 2089 incipit
596 2045 677 2087 loqui
695 2055 749 2076 nec
767 2041 891 2081 desinit,
910 2042 990 2084 quod
1005 2043 1085 2085 apud
1105 2041 1187 2074 illum
1205 2039 1342 2074 sincerius
1357 2039 1481 2073 audiunt
1494 2050 1555 2073 non
1572 2043 1707 2084 corporis
1723 2052 1824 2081 aures,

348 2092 396 2124 sed
408 2092 516 2122 mentis
525 2091 644 2123 ministri
655 2090 716 2122 eius
725 2090 755 2124 ἃ
764 2089 879 2126 nuntii,
904 2090 956 2130 qui
967 2089 1027 2120 eius
1040 2084 1406 2120 veritateincommutabili
1414 2084 1766 2119 fruunturimmortaliter
1774 2086 1826 2120 be-

165 2137 304 2174 Gregorius.
349 2139 401 2169 ati.
420 2136 682 2179 Gregoriusctiam
691 2136 742 2167 28.
754 2133 899 2166 Morala.
922 2132 1094 2170 Sciendum,
1105 2133 1213 2174 inquit,
1222 2130 1303 2175 quod
1312 2130 1429 2164 duobus
1438 2129 1657 2164 modislocutio
1674 2131 1826 2165 diuinadi-

348 2183 502 2225 stinguitur
512 2194 520 2214 :
532 2183 682 2214 Autenim
692 2178 874 2224 perseipsum
886 2178 1202 2221 Dominusloquitur;
1215 2187 1266 2209 aut
1276 2187 1327 2221 per
1343 2186 1508 2209 creaturam
1525 2176 1702 2220 Angelicam
1716 2177 1826 2211 eiusad

348 2239 406 2260 nos
417 2227 505 2259 verba
516 2228 691 2260 formantur.
714 2223 835 2257 Etinfra
850 2234 876 2264 3.
895 2225 994 2266 Qua,
1018 2225 1134 2267 inquit,
1150 2222 1265 2255 auditus
1274 2233 1320 2258 ea,
1337 2232 1401 2265 quae
1409 2219 1645 2258 adsefiunnnon
1662 2221 1826 2255 fimulom-

350 2277 411 2311 nia,
434 2283 501 2317 qiiae
517 2271 552 2304 ad
569 2272 596 2301 se
611 2270 687 2303 dieta
698 2294 707 2308 ‚
732 2268 965 2313 comprehendit
981 2282 991 2306 ς
1010 2270 1123 2312 quippe
1138 2269 1190 2312 qui
1208 2267 1239 2301 ὅ(
1253 2267 1352 2299 causas
1375 2278 1425 2310 per
1441 2265 1531 2300 verba
1542 2290 1550 2302 .
1576 2271 1607 2299 &
1627 2268 1826 2309 particulatim

351 2318 438 2351 verba
455 2329 506 2362 per
520 2315 643 2357 syllabas
657 2316 781 2359 percipit
796 2326 804 2348 3
820 2313 897 2346 visus
912 2324 1012 2346 autem
1028 2315 1126 2347 noster
1138 2316 1169 2345 in
1184 2323 1221 2345 eo
1240 2312 1324 2356 quod
1341 2314 1368 2345 se
1383 2312 1482 2356 dirigit
1497 2322 1595 2345 totum
1612 2311 1731 2353 subito,
1745 2314 1777 2348 ἃ
1793 2312 1828 2344 si-

353 2361 643 2407 mulapprchendit:
661 2362 717 2394 Dei
733 2361 848 2393 locutio
863 2359 899 2392 ad
914 2370 971 2392 nos
985 2360 1156 2392 intrinsecus
1171 2357 1251 2390 facta
1266 2357 1382 2391 viderur
1396 2359 1499 2402 potius
1512 2359 1604 2401 quarn
1619 2358 1748 2395 auditur,
1756 2360 1828 2403 quia

354 2410 428 2441 dum
454 2407 635 2450 semetipsam
658 2406 717 2438 fine
742 2416 828 2438 mora
852 2404 995 2437 sermonis
1012 2404 1138 2436 insinuat
1150 2427 1155 2438 ,
1178 2406 1332 2447 repentina
1354 2402 1418 2435 lucc
1435 2403 1539 2437 nossrae
1554 2406 1730 2447 ignorantia:
1746 2415 1828 2438 tene-

354 2455 420 2487 bras
436 2454 554 2486 illustrat
576 2465 583 2484 :
611 2451 701 2484 Vnde
716 2451 745 2485 &
767 2452 861 2483 Baruc
885 2451 986 2483 Neriae
1009 2449 1086 2483 filius
1100 2461 1168 2483 cum
1193 2449 1352 2492 requisitus
1367 2459 1548 2492 exponeret,
1568 2449 1864 2493 quemadmodumfi

354 2500 446 2532 verba
465 2498 598 2530 Ieremia:
615 2496 820 2539 prophetantis
837 2493 958 2528 audiiset
974 2518 983 2531 ,
1007 2497 1047 2528 ait
1065 2509 1075 2533 ;
1099 2496 1144 2527 Ex
1159 2505 1212 2527 ore
1228 2497 1281 2526 suo
1295 2493 1473 2538 loquebatur
1485 2494 1565 2536 quasi
1578 2494 1680 2538 legens
1691 2520 1698 2532 ,
1722 2496 1752 2530 ἂ
1768 2506 1828 2539 ego

356 2544 526 2577 scribebam.
559 2546 621 2583 Qi
640 2543 719 2574 enim
736 2541 836 2584 legens
852 2542 1004 2584 loquitur,
1021 2541 1081 2573 alio
1098 2540 1242 2577 intendit,
1265 2538 1314 2572 sed
1336 2539 1396 2573 alio
1413 2537 1536 2571 verbum
1552 2541 1637 2578 facit,
1664 2543 1730 2584 quia
1745 2540 1830 2584 quod

173 2606 185 2642 η
197 2604 304 2634 verbum
357 2590 440 2623 videt
456 2591 526 2621 dicit
543 2603 553 2626 ς
579 2586 735 2630 Prophetae
751 2598 823 2628 ergo
841 2587 916 2625 Dei,
940 2587 1007 2630 quia
1021 2587 1084 2620 eius
1105 2588 1118 2626 ΙΙ
1137 2583 1224 2617 verba
1238 2585 1340 2619 vident
1353 2587 1454 2627 ponus
1466 2585 1497 2616 in
1513 2584 1619 2625 corde,
1639 2597 1731 2631 quam
1748 2586 1830 2619 audi·

358 2646 411 2668 unt
427 2650 436 2673 3
454 2633 532 2678 quasi
549 2635 680 2674 legentes
694 2633 855 2675 loquuntur
875 2645 882 2664 :
906 2643 975 2663 cum
991 2632 1066 2665 verb
1083 2641 1135 2676 per
1151 2630 1303 2673 Angelum
1317 2630 1506 2663 voluntatem
1520 2629 1602 2663 suam
1618 2632 1770 2663 Dominus
1783 2632 1828 2662 in-

359 2680 437 2712 dicat
448 2704 455 2717 ,
476 2678 637 2722 aliquando
655 2689 718 2711 eam
734 2678 846 2715 verbis,
862 2675 1022 2719 aliquando
1036 2676 1124 2710 rebus
1140 2675 1333 2714 demonstrat,
1347 2675 1510 2720 aliquando
1527 2675 1612 2709 fimul
1626 2676 1725 2710 verbis
1739 2680 1769 2710 δι
1784 2687 1831 2708 re-

360 2725 435 2762 bus,
460 2722 810 2767 aliqiiandoimaginibus
818 2722 914 2754 cordis
924 2721 1016 2755 oculis
1024 2718 1521 2764 ostensis.aliquandoiinaginibus
1536 2721 1567 2755 ὃ(
1581 2732 1650 2755 anre
1666 2732 1832 2765 corporeos

360 2772 468 2802 oculos
476 2771 511 2802 ad
522 2781 579 2801 tem
585 2781 639 2811 pus
649 2780 684 2801 cx
693 2780 758 2802 aere
767 2769 888 2811 sumptis
897 2792 906 2806 ,
922 2767 1085 2811 aliquando
1095 2766 1263 2799 coelestib'us
1271 2765 1449 2804 substantiis,
1466 2766 1627 2810 aliquando
1636 2769 1769 2805 terreni⁵‚
1779 2766 1832 2799 aii-

362 2817 485 2858 qiiaiido
496 2814 578 2848 iimul
589 2815 744 2849 terrenis&
752 2812 935 2852 coelestibus,
944 2813 1131 2858 nonnunqui
1139 2811 1214 2846 vero
1221 2814 1309 2846 eiiam
1318 2822 1371 2856 per
1385 2811 1539 2855 Angelum
1548 2810 1686 2847 humanis
1692 2809 1834 2845 cordibus

1792 2858 1832 2889 ita
