1985 3130
227 180 324 230 742
800 157 968 208 ‘Thomae
987 156 1277 206 Dradwardini
1623 159 1690 210 Li
1706 179 1748 209 n.
1761 178 1796 225 3.

313 257 342 288 Si
354 257 463 298 poterit
473 254 569 286 homo
578 251 737 295 aliquando
745 261 795 284 aut
803 249 876 283 nihil
886 252 1018 282 omnino
1026 250 1113 287 velle,
1127 257 1177 281 aut
1187 248 1261 281 velle
1271 249 1396 293 aliquid,
1408 255 1438 282 &
1450 261 1513 283 non
1524 251 1686 292 voluntate,
1702 266 1790 298 pote·
1800 259 1830 290 Α

314 312 351 333 rit
360 303 390 334 ό(
399 311 497 332 carere
506 298 639 332 libertate
647 298 789 329 voluntas
808 308 816 329 ε
833 295 893 328 sola
900 306 974 339 ergo
982 295 1135 334 voluntas,
1152 297 1300 337 quoniam
1311 306 1366 338 pro
1380 298 1421 328 sui
1435 298 1568 340 ingenita
1583 297 1729 340 libertate,
1740 312 1791 335 aut

317 343 463 378 dissentire
475 345 539 380 libi,
554 355 603 376 aur
612 354 718 386 praeter
727 343 791 374 sein
803 342 907 385 aliquo
917 342 1094 380 consentite,
1109 340 1189 373 nulla
1197 342 1238 378 vi,
1254 341 1335 372 nulla
1343 343 1461 385 cogitur
1476 343 1648 377 necessitate
1660 357 1672 382 3
1689 348 1791 381 nonin

315 402 425 424 merito
435 393 538 423 iustam
548 390 594 422 vel
603 386 942 425 iniustam3beatitudine
951 386 997 420 seu
1006 388 1121 419 misena
1128 385 1251 427 dignam
1260 397 1294 417 ac
1304 397 1442 430 capacem
1451 398 1614 421 creaturam
1626 390 1793 430 constituit,

318 438 527 481 proutiustitiae
538 436 720 467 iniullitiaeue
729 432 916 465 consenserit.
940 435 1004 474 Qi
1021 432 1051 466 ot
1073 442 1101 475 5.
1118 430 1246 464 reddens
1258 432 1375 465 causam
1384 433 1456 466 disti
1472 431 1602 476 superius
1609 435 1738 478 allegati,
1752 436 1792 470 sic

318 484 358 514 ait
374 493 383 516 ς
398 479 576 522 Qomodo
584 490 718 523 namque
724 479 761 511 ad
772 478 886 510 bonum
897 476 1057 511 conuersus
1073 488 1124 520 per
1132 477 1256 520 gratiam
1263 477 1406 511 humanae
1414 478 1579 511 voluntatis
1586 479 1740 514 consensus
1753 494 1792 515 eo

318 525 410 559 libere
422 527 547 562 bonum,
555 530 585 560 &
594 527 623 557 iii
632 523 718 557 bono
727 523 853 556 liberum
862 523 1016 556 hominem
1026 522 1107 559 fecit,
1115 533 1177 566 quo
1187 522 1374 554 voluntarius
1383 521 1520 563 efficitur,
1537 535 1598 557 non
1607 527 1719 560 inuitus
1727 539 1794 571 per-

320 571 445 605 trahitur
460 579 468 603 2
485 573 531 604 Sic
542 572 648 615 sponte
658 569 857 602 deuolutusin
866 569 991 604 malum,
1006 570 1036 600 in
1050 568 1133 600 malo
1147 567 1346 600 nihilominus
1358 579 1419 601 tam
1435 567 1559 602 liberum
1575 571 1666 617 quam
1673 571 1795 615 sponta-

320 628 412 649 neum
420 618 583 656 constituit,
597 614 646 648 sua
654 617 760 660 Vtique
768 615 925 648 voluntate
933 614 1069 651 dustum,
1085 624 1146 645 non
1162 612 1281 646 aliunde
1296 617 1437 648 coastum
1452 624 1485 646 vt
1501 615 1599 648 malus
1609 614 1654 651 fit.
1676 618 1714 649 Et
1723 616 1794 652 sicut

320 662 449 695 coeleslis
456 662 602 705 Angelus,
615 671 667 694 aut
681 663 770 693 etiam
780 661 841 705 ipse
857 660 944 692 Deus
957 668 1107 702 permanet
1121 658 1213 692 libere
1222 657 1334 696 bonus,
1351 662 1420 703 quia
1436 658 1540 694 scilicet
1547 661 1713 701 voluntate,
1729 675 1794 697 non

320 708 419 751 aliqua
429 709 588 740 extrinseca
596 707 766 739 necessitate
786 719 793 737 z
813 704 851 737 sic
858 704 998 748 profesto
1007 702 1145 737 diabolus
1154 704 1239 747 aeque
1251 703 1340 737 libere
1349 706 1378 738 in
1386 704 1498 737 malum
1506 706 1536 740 ἃ
1544 708 1654 740 corruit
1661 714 1692 741 δε
1702 707 1795 752 persi-

321 755 367 786 stit
377 752 429 785 suo
440 755 540 796 vtique
548 752 719 785 voluntario
728 762 818 790 nutu,
835 761 897 782 non
906 751 1006 782 alieno
1016 747 1142 792 impulsu
1153 765 1162 789 3
1173 760 1274 781 manet
1283 761 1357 793 ergo
1365 750 1505 784 voluntas
1513 751 1666 788 libertatis,
1683 754 1733 786 vbi
1743 756 1797 787 eti-

321 810 370 832 am
380 798 413 830 fit
424 801 578 843 captiuitas
586 798 705 834 mentis,
718 807 777 830 tam
788 797 877 840 plena
885 795 1007 840 quidem
1017 797 1046 827 in
1058 795 1156 833 malis,
1170 795 1264 840 quam
1281 796 1311 827 in
1322 796 1422 829 bonis.
1444 796 1536 830 Vnde
1544 801 1574 831 δι
1583 802 1613 830 6.
1623 809 1711 831 vnam
1720 799 1795 833 defi—
1818 802 1842 835 B

323 846 470 876 nitionem
480 842 562 876 liberi
574 842 689 880 arbitrij
700 841 737 875 sic
746 841 901 874 concludit
917 851 925 874 ;
943 841 989 873 Ex
998 840 1054 872 hac
1067 851 1139 884 ergo
1149 840 1264 873 tantum
1273 839 1420 880 libertate,
1436 852 1493 885 qua
1500 841 1629 874 liberum
1637 843 1676 875 est
1684 845 1798 877 volun-

324 892 375 922 tati
383 887 505 933 seipsam
515 888 643 921 indicare
653 888 699 920 vel
706 888 820 921 bonam
830 887 850 919 fi
858 885 953 922 bono,
965 887 1009 917 vcl
1019 885 1130 919 malam
1148 885 1166 918 fi
1182 885 1268 917 malo
1279 884 1478 926 consenserit3
1494 889 1607 931 quippe
1615 900 1680 932 quae
1688 891 1717 923 in
1728 902 1798 924 neu-

324 946 398 968 tram
409 934 460 969 nisi
468 936 547 967 certe
555 933 690 966 volendo
700 933 867 966 consentire
876 933 904 965 sc
912 931 997 964 sentit
1004 932 1128 965 liberum
1138 931 1295 963 arbitrium
1305 930 1453 964 credimus
1462 935 1622 966 nominari.
1635 936 1699 978 Qi
1708 936 1797 971 &de-

324 986 407 1013 cimo
416 983 525 1014 ostauo
535 989 625 1022 negat
635 978 832 1012 necessitatem
841 989 903 1009 non
912 977 1056 1020 peccandi
1065 978 1081 1009 a
1091 978 1172 1015 Deo,
1186 976 1371 1021 similemque
1380 974 1596 1019 necessitatem,
1606 976 1799 1014 scilicetinui-

325 1037 395 1062 mm,
405 1026 570 1069 Angelis&
580 1024 755 1057 hominibus
766 1024 931 1067 abnegans,
941 1022 1041 1056 inbuit
1049 1024 1088 1054 eis
1098 1020 1272 1066 oppositam
1280 1020 1445 1055 libertatern
1462 1036 1473 1061 3
1489 1023 1575 1057 aliam
1590 1025 1665 1058 vcro
1674 1025 1798 1059 necessi-

326 1082 416 1104 tatem
427 1071 590 1103 secundum
601 1072 701 1103 causas
715 1069 878 1114 superiores
895 1069 1034 1101 vicesimo
1049 1069 1176 1111 septimo
1191 1067 1280 1100 huius
1298 1067 1469 1111 praedictam
1478 1068 1623 1113 austruam
1633 1081 1735 1115 negat,
1748 1070 1798 1104 sed

325 1121 419 1161 magis
429 1114 560 1149 affirmat
570 1130 576 1148 ς
587 1114 667 1148 vnde
676 1114 714 1147 fic
723 1126 774 1151 air,
786 1115 940 1148 Caeterum
951 1125 1005 1146 ncc
1014 1115 1096 1146 Deus
1103 1124 1181 1146 caret
1189 1113 1282 1146 libero
1289 1112 1425 1150 arbitrio,
1443 1125 1498 1147 nec
1505 1114 1652 1148 Diabolus
1665 1130 1675 1155 3
1690 1118 1799 1160 quoni-

326 1174 374 1194 am
385 1161 468 1207 quod
477 1162 524 1194 ille
534 1173 597 1194 non
606 1161 699 1204 petest
708 1158 765 1192 esse
773 1161 880 1197 malus,
890 1170 951 1191 non
961 1158 1077 1192 infirma
1086 1157 1250 1197 necessitas,
1260 1157 1308 1191 sed
1316 1158 1402 1192 firma
1410 1161 1439 1191 in
1447 1159 1532 1192 bono
1541 1161 1694 1198 voluntas,
1703 1162 1733 1196 ὅ(
1744 1174 1801 1195 νο-

149 1205 154 1243 Ι
159 1204 163 1243 Ι
174 1207 196 1233 is
324 1209 453 1241 luntaria
464 1206 605 1240 firmitas;
620 1206 766 1250 quodque
774 1205 787 1227 ¹¹
793 1205 840 1238 hic
847 1217 908 1238 non
919 1205 1000 1238 valet
1008 1207 1038 1236 in
1049 1203 1165 1236 bonum
1175 1202 1324 1247 respirate,
1340 1215 1402 1236 non
1417 1205 1513 1238 aliena
1527 1205 1595 1239 facit
1604 1207 1734 1240 violenta
1744 1219 1799 1253 op-

325 1255 449 1297 pressio,
465 1252 512 1286 sed
528 1251 576 1285 sua
589 1252 677 1294 ipsius
685 1254 715 1283 in
726 1251 805 1284 malo
818 1251 965 1284 obstinata
975 1250 1113 1283 voluntas
1122 1261 1155 1282 ac
1165 1250 1331 1282 voluntaria
1340 1248 1501 1284 obstinatio
1518 1265 1528 1289 ς
1542 1256 1572 1286 ὅ(
1582 1264 1659 1285 nunc
1667 1254 1754 1296 igitur
1762 1264 1800 1286 cx

326 1310 362 1332 eo
372 1301 473 1344 potius
482 1298 609 1331 liberum
619 1297 725 1331 dicitur
733 1296 901 1336 arbitrium,
918 1296 1003 1339 quod
1014 1294 1074 1327 siue
1082 1307 1109 1329 in
1120 1294 1215 1332 bono,
1231 1294 1290 1328 siue
1305 1298 1336 1325 in
1352 1295 1433 1328 malo
1443 1306 1466 1327 ae
1489 1296 1524 1329 ue
1533 1295 1655 1329 liberam
1665 1297 1734 1330 facit
1743 1309 1798 1331 vo-

326 1344 482 1379 luntatem,
497 1343 566 1376 esim
576 1355 628 1376 nec
638 1342 735 1375 bonus
745 1342 910 1386 quisquam,
925 1343 1058 1373 necitetri
1069 1341 1163 1374 malus
1172 1340 1229 1373 di'ci
1239 1340 1355 1378 debeat,
1374 1351 1423 1373 aut
1439 1307 1495 1373 esse
1511 1341 1609 1374 valeat
1618 1343 1669 1375 nisi
1680 1344 1795 1378 volens.
1811 1341 1843 1375 C

327 1390 395 1423 Tali
405 1400 462 1421 iam
471 1400 587 1422 ratione
596 1399 658 1420 tion
666 1392 830 1431 incongrue
840 1386 996 1420 dicetutad
1013 1385 1128 1419 bonum
1143 1386 1171 1417 sc
1187 1387 1218 1420 ὃ(
1233 1384 1270 1416 ad
1288 1386 1400 1418 malum
1414 1385 1524 1420 habere
1533 1388 1695 1431 aequaliter,
1711 1389 1800 1432 quod

326 1435 486 1477 vrrobique
495 1435 632 1468 videlicet
641 1445 694 1478 par
703 1433 736 1466 fit
744 1436 781 1473 ei,
797 1445 860 1466 non
869 1432 990 1476 quidem
999 1434 1027 1465 in
1036 1432 1181 1465 elestt‘one
1190 1431 1324 1468 facilitas,
1332 1430 1421 1464 sedin
1430 1433 1586 1465 voluntate
1593 1432 1714 1467 libertas
1724 1448 1732 1467 :
1742 1435 1799 1468 hac

325 1477 394 1514 sane
403 1480 556 1522 dignitatis
564 1480 686 1518 diuinae,
703 1490 735 1512 vt
743 1480 857 1513 distum
868 1480 920 1517 est,
938 1479 1135 1522 praerogatiua
1149 1477 1326 1509 rationalem
1336 1475 1517 1520 singulariter
1525 1490 1687 1512 creaturam
1696 1481 1802 1514 condi-

325 1537 374 1559 tor
382 1527 410 1558 in
417 1525 535 1569 signiuit
545 1539 556 1565 3
565 1525 648 1570 quod
656 1524 913 1569 quemadmodum
922 1534 929 1555 i
934 1521 981 1568 pse
990 1522 1030 1556 sui
1038 1525 1110 1555 iuris
1117 1533 1188 1559 erat,
1197 1520 1312 1566 suaeque
1321 1522 1409 1563 ipsius
1418 1523 1594 1561 voluntatis,
1606 1536 1665 1557 non
1675 1524 1802 1559 necessi-

325 1572 391 1604 tatis
400 1582 472 1608 erar,
480 1571 563 1614 quod
572 1571 674 1604 bonus
681 1582 742 1604 erat
755 1582 766 1608 3
779 1573 819 1604 ita
827 1577 857 1604 &
866 1570 915 1602 illa
925 1580 1045 1613 quoque
1054 1569 1093 1601 sui
1110 1567 1343 1611 quodammodo
1359 1569 1427 1601 iuris
1444 1571 1474 1601 in
1491 1568 1549 1602 hac
1565 1580 1648 1613 parte
1654 1571 1801 1611 existeret,

325 1627 472 1660 quatenus
480 1627 541 1650 non
551 1615 603 1649 nisi
613 1616 663 1650 sua
669 1617 826 1650 voluntate
834 1626 886 1649 aut
893 1615 972 1647 mala
980 1614 1074 1652 fieret,
1089 1614 1119 1648 ὃ(
1135 1614 1209 1647 iuste
1218 1612 1408 1647 damnaretur
1422 1627 1432 1652 ;
1450 1625 1501 1647 aut
1510 1614 1591 1647 bona
1600 1626 1747 1656 maneret,
1767 1623 1800 1650 sc

325 1664 435 1695 metito
444 1662 602 1695 saluaretur
618 1676 628 1701 3
643 1673 706 1696 non
715 1662 802 1707 quod
813 1664 838 1694 ei
848 1661 969 1707 propria
978 1659 1111 1692 sufficere
1125 1657 1220 1703 posset
1236 1659 1374 1692 voluntas
1385 1660 1422 1692 ad
1431 1658 1569 1701 salutem,
1586 1660 1635 1694 sed
1642 1661 1725 1705 quod
1734 1674 1799 1695 eam

151 1712 164 1749 Η
179 1711 294 1752 affeque·
326 1707 496 1740 nullatenus
507 1707 565 1740 sine
574 1706 624 1741 sua
633 1706 805 1741 voluntatell
814 1711 1025 1750 consequeretur.
1050 1705 1157 1736 Nemo
1171 1705 1283 1749 quippe
1299 1703 1545 1739 saluaturinnitus
1562 1719 1570 1738 ε
1585 1717 1656 1738 narn
1665 1707 1748 1751 quod
1758 1708 1799 1741 le-

150 1762 226 1782 retur.
325 1756 405 1797 gitur
411 1754 440 1785 in
452 1753 630 1796 Euangclm,
639 1753 746 1786 Nemo
755 1755 837 1786 venir
844 1752 882 1786 ad
891 1762 949 1787 me,
957 1751 1010 1783 nisi
1021 1751 1108 1784 Pater
1114 1760 1199 1783 meus
1207 1761 1268 1783 trax
1274 1752 1327 1782 crit
1334 1752 1490 1787 curn‚item
1499 1753 1528 1784 in
1536 1751 1595 1784 alio
1604 1752 1684 1790 loco,
1702 1754 1799 1786 Com-

326 1799 836 1843 pelleintrare,n1hilimpedi13quia
845 1796 986 1841 profecto
994 1796 1240 1840 quantoscunque
1249 1794 1363 1828 trahere
1370 1796 1418 1829 vel
1425 1797 1607 1840 compellere
1615 1797 1749 1831 videatur
1757 1798 1796 1831 ad

326 1845 447 1876 salutem
459 1843 606 1887 benignus
617 1844 717 1883 Pater,
732 1846 784 1888 qui
800 1855 908 1876 omnes
924 1839 1170 1877 vultsaluosfieri.
1185 1841 1300 1874 nullum
1317 1851 1414 1874 tamen
1432 1841 1543 1874 iudicat
1557 1842 1649 1875 salute
1657 1843 1795 1887 dignum,
1804 1850 1840 1884 D

326 1900 417 1933 quem
429 1901 490 1921 non
500 1889 890 1933 probaueritvoluntarium.
914 1887 986 1919 Hoc
995 1885 1253 1931 quippcintendit,
1267 1886 1336 1919 cum
1352 1897 1440 1920 terret
1457 1897 1508 1920 aut
1520 1890 1647 1930 percutit
1664 1899 1695 1921 vr
1708 1889 1797 1924 faciat

327 1933 523 1971 voluntarios,
530 1946 592 1966 non
603 1934 811 1968 saluetinuitos
818 1959 825 1971 ,
833 1934 970 1977 quamuis
978 1932 1049 1966 dum
1057 1934 1093 1966 dc
1102 1931 1183 1964 malo
1190 1942 1296 1970 mutat,
1313 1935 1341 1965 in
1352 1931 1468 1964 bonum
1478 1933 1666 1966 voluntatem
1675 1934 1799 1969 transse-

327 1991 384 2016 rat,
400 1991 463 2011 non
473 1978 774 2013 auferatlibertatem.
784 1977 1008 2013 Calumniabtle
1016 1988 1113 2011 tamen
1123 1977 1285 2010 secundum
1297 1975 1475 2021 superficiem
1484 1977 1572 2011 literae
1581 1979 1798 2024 videtur,quod

327 2025 400 2056 dicit
407 2024 573 2058 libertatem
582 2027 599 2058 Ξι
609 2024 778 2059 necessitate
787 2027 857 2059 Deo
867 2029 1041 2059 &creaturae
1050 2021 1201 2066 aequaliter
1207 2025 1381 2062 conuenire,
1397 2023 1466 2055 cum
1483 2025 1584 2057 omnis
1592 2026 1687 2057 virtus
1694 2026 1723 2060 ἃ
1731 2037 1798 2070 per-

326 2070 417 2103 festio
427 2069 558 2114 vtrisque
566 2081 745 2113 competens
753 2070 868 2104 infinite
879 2069 945 2113 plus
953 2070 1019 2101 Deo
1027 2077 1199 2111 competere
1208 2068 1357 2108 videatur,
1366 2068 1435 2101 cum
1444 2071 1544 2101 omnis
1551 2080 1682 2103 creatura
1691 2069 1724 2102 sit
1732 2082 1798 2103 om-

326 2115 585 2161 iiiquaquefinita‚
601 2116 662 2160 ipse
671 2116 745 2149 νεῐὸ
753 2112 967 2148 infinitissimus
977 2115 1192 2157 omniquaquc‚
1207 2111 1279 2146 ficut
1288 2112 1451 2158 suppositio
1461 2115 1557 2158 prima
1565 2114 1682 2158 probat.
1702 2115 1797 2159 Qod

326 2172 430 2193 autem
437 2161 593 2201 obiicitur,
601 2173 654 2194 om
660 2173 711 2194 nes
720 2162 853 2194 Antores
861 2157 1059 2193 necessitatem
1069 2158 1107 2190 ab
1117 2157 1230 2190 astibus
1238 2157 1336 2192 liberis
1343 2158 1490 2202 abnegare
1498 2171 1550 2202 per
1559 2159 1700 2193 vicesimo
1709 2172 1797 2193 nono

328 2208 359 2240 ὅ(
367 2206 509 2239 vicesimo
520 2209 641 2244 octauo,
649 2209 678 2242 ὅ(
689 2206 809 2238 decimo
818 2206 904 2238 huius
913 2201 1069 2249 praemissa,
1078 2202 1266 2243 sufficienter,
1283 2216 1313 2238 vt
1320 2205 1457 2241 arbitror,
1466 2206 1561 2248 potest
1569 2205 1655 2239 solui.
1679 2207 1799 2239 Articu-

326 2251 373 2284 lus
392 2251 578 2284 Oxonienfis
594 2263 646 2296 per
662 2250 830 2285 Robertum
849 2249 1093 2284 Cantuariensem
1105 2249 1265 2282 damnatus
1278 2261 1340 2282 non
1349 2249 1455 2282 obuiat
1471 2248 1631 2283 necessitati
1640 2251 1797 2295 praedistae.

327 2297 374 2329 Ex
383 2295 440 2328 hac
449 2299 528 2328 cnim
538 2309 601 2330 non
611 2296 754 2342 sequitur,
764 2307 890 2329 omnem
901 2295 1141 2339 propositionem
1153 2293 1296 2328 defuturo
1304 2306 1403 2328 veram
1412 2293 1468 2328 esse
1477 2294 1727 2335 neceffariam‚sed
1736 2299 1798 2330 eius

328 2340 504 2385 oppositum
514 2342 679 2376 manifeste.
703 2345 788 2376 Nam
799 2342 818 2375 si
829 2341 893 2374 haec
902 2339 934 2373 lit
947 2352 1014 2373 vera
1024 2345 1053 2376 δι
1061 2341 1216 2373 necessaria
1224 2339 1392 2374 necessitate
1400 2339 1585 2380 huiusmodi,
1595 2341 1797 2375 Antichristus

327 2387 475 2425 nascetur,
484 2386 645 2420 necess-arii>
655 2388 785 2432 sequitur
794 2387 878 2431 quod
888 2386 1047 2429 aliquando
1058 2388 1204 2425 nascetur,
1219 2386 1248 2420 ὅ(
1259 2384 1343 2428 quod
1357 2388 1421 2429 post
1430 2387 1460 2417 iu
1472 2397 1647 2432 perpetuum
1657 2389 1711 2420 erit
1720 2386 1796 2419 salsa.

327 2432 389 2464 Pro
399 2432 457 2464 hoc
466 2444 565 2466 autem
573 2434 696 2466 articulo
706 2433 818 2475 plenius
827 2431 1037 2474 intelligendo,
1052 2431 1203 2464 sciendum
1218 2442 1255 2474 qu
1262 2431 1304 2463 od
1312 2430 1350 2462 ab
1357 2431 1508 2475 aliquibus
1517 2432 1694 2474 opinabatur
1704 2435 1795 2466 Oxo-
1808 2442 1834 2474 E

327 2479 395 2514 nire,
411 2477 496 2522 quod
506 2478 586 2511 nulla
596 2478 762 2521 propositio
773 2479 809 2510 de
817 2477 915 2511 futuro
924 2480 952 2508 in
964 2477 1085 2509 materia
1094 2478 1278 2520 contingenti
1287 2477 1325 2508 cst
1337 2486 1406 2507 vera
1416 2476 1462 2509 vel
1470 2475 1625 2516 salsa,sicut
1634 2489 1669 2510 ex
1677 2477 1797 2510 decimo

328 2524 456 2564 septimo
463 2522 552 2556 huius
559 2525 654 2566 potest
665 2523 779 2561 haberi,
796 2535 831 2555 ex
842 2535 901 2568 qua
909 2522 1067 2555 necessario
1082 2521 1225 2565 sequitur.
1243 2520 1328 2564 quod
1345 2524 1444 2555 omnis
1454 2521 1621 2567 propositio
1629 2533 1697 2554 vera
1707 2523 1743 2556 de
1752 2521 1798 2555 fu·

329 2578 397 2601 turo
406 2569 443 2600 cst
454 2570 620 2607 necessaria,
629 2580 661 2601 vt
672 2570 778 2603 scilicet
786 2567 946 2601 necessario
955 2568 1123 2611 impleatur,
1133 2567 1234 2606 veluti,
1244 2567 1296 2599 Sol
1305 2566 1547 2609 orietur‚eclipsis
1556 2569 1620 2605 erit,
1633 2575 1663 2601 δε
1674 2567 1797 2606 similc53

329 2625 420 2655 quare
429 2614 457 2647 ὃ(
467 2614 537 2647 iuste
548 2614 652 2647 debuit
661 2615 865 2647 condemnati.
893 2613 1035 2646 Praeterca
1044 2613 1138 2656 potesl
1149 2612 1220 2649 dici,
1236 2611 1321 2655 quod
1338 2611 1475 2645 articulus
1490 2613 1623 2657 loquitur
1631 2613 1667 2645 de
1675 2614 1802 2645 necessi-

329 2669 388 2691 tate
398 2658 544 2695 absoluta,
554 2664 583 2694 ὅ(
592 2662 751 2697 contraria,
759 2671 819 2692 non
831 2659 1024 2691 consentanea
1032 2657 1168 2695 libertati,
1179 2656 1249 2690 ficut
1260 2657 1409 2689 decimum
1420 2657 1507 2690 huius
1516 2658 1668 2701 distinguit
1679 2659 1800 2690 :articu-

328 2704 372 2734 lus
382 2704 454 2735 vero
466 2703 632 2737 parisiensis
640 2705 771 2748 loquitur
784 2705 821 2738 de
836 2705 1003 2737 necessuate
1018 2716 1082 2736 non
1098 2703 1231 2746 teschu
1241 2704 1392 2735 causarum
1405 2705 1601 2746 superiorum,
1622 2703 1670 2736 sed
1684 2706 1800 2736 tantum

328 2747 515 2785 inferiorum,
531 2749 636 2782 scilicet
645 2761 808 2793 corporum
826 2750 999 2785 caelestium,
1017 2749 1047 2783 ὅ(
1064 2749 1218 2779 causarum
1229 2748 1420 2788 naturalium,
1435 2748 1572 2781 videlicet
1587 2749 1623 2782 de
1632 2750 1801 2781 necessitate

328 2804 441 2825 naturae
451 2796 495 2825 scu
506 2795 558 2826 fati
568 2795 700 2828 stellaris.
729 2794 925 2839 Opinabatur
938 2806 1069 2838 namque
1085 2795 1102 2826 a
1117 2793 1270 2825 nonnullis
1286 2792 1400 2830 Parisiis
1417 2793 1503 2836 quod
1520 2794 1658 2827 voluntas
1669 2793 1800 2826 humana

328 2838 644 2874 subiaceatneccssitati
657 2841 819 2880 stellarum,
833 2841 864 2876 ὃ(
879 2840 999 2886 quodsit
1012 2839 1127 2874 tanturn
1140 2839 1266 2884 passiua,
1282 2838 1312 2872 ἃ
1327 2838 1413 2884 quod
1426 2839 1587 2874 necessario
1601 2840 1685 2877 velit,
1699 2839 1802 2916 potatis

1661 2895 1745 2916 omni
1771 2895 1804 2917 us
