1985 3130
127 119 176 170 C
194 141 218 168 A
238 139 279 169 Ρ.
306 135 360 180 31.
741 118 816 168 De
831 123 947 185 causti
970 119 1073 170 Dei.

130 219 158 253 Α
183 219 262 251 Non
275 229 350 262 ergo
366 216 427 248 hoc
437 216 532 255 dixit,
546 218 690 262 quoniam
700 219 729 250 in
741 228 854 249 vanum
864 218 1074 257 currimus,sed
1086 218 1180 263 quid?
1205 222 1348 263 quoniam
1357 222 1386 252 in
1396 231 1509 254 vanum
1519 224 1678 261 currimus,

181 264 202 296 fi
212 265 345 297 nostrum
357 263 414 295 effe
424 264 595 297 vniuersum
607 264 808 307 putauerimus
818 288 827 303 ,
844 263 864 296 fi
880 275 944 295 non
956 264 1120 308 plurimam
1131 276 1244 308 partem
1255 267 1326 300 Deo
1334 267 1542 301 tribuerimus.-
1563 269 1678 315 Neque

181 313 263 343 enim
274 312 358 343 Deus
367 319 469 342 totum
487 310 571 342 suurn
582 310 639 342 eise
659 310 774 348 voluit,
799 321 837 340 ne
847 310 984 342 videatur
994 310 1055 343 fine
1064 310 1152 343 causa
1161 322 1218 345 nos
1235 322 1382 345 coronare
1392 327 1403 351 ς
1428 325 1483 347 nec
1499 315 1609 348 iterum
1617 327 1677 350 no-

180 357 273 389 strum
285 381 294 395 ,
303 357 376 389 nein
387 354 555 399 iuperbiam
574 355 740 388 incidamus
751 369 762 394 3
803 353 823 387 fi
833 358 912 388 enim
922 357 1082 388 minimam
1093 366 1208 399 partem
1218 357 1367 391 habentes
1380 360 1438 392 alia
1446 359 1575 404 sapimus
1584 385 1593 400 ,
1602 361 1677 405 quid

181 401 201 434 si
213 404 303 435 totius
312 412 370 434 nos
379 403 481 445 operis
490 403 578 435 nostri
589 403 713 435 Domini
730 401 876 434 essemus?
911 402 947 434 Et
955 403 1030 435 infra
1040 427 1047 440 ,
1057 401 1209 446 Propheta
1226 403 1362 440 dicebat,
1380 404 1465 438 Latia
1474 419 1490 438 a
1500 407 1613 441 malitia
1625 419 1677 440 cor

182 459 267 480 tuum
278 447 437 481 Ierusalem
450 471 458 484 ,
475 448 600 481 intueris
612 450 680 491 quia
691 448 720 481 ὃ(
732 449 866 480 nostrum
875 447 914 480 cst
923 446 1052 480 bonum.
1078 448 1175 482 Huius
1185 460 1285 483 autem
1295 452 1474 486 munitionis
1486 452 1674 486 altitudinem

180 493 319 528 aduersus
332 494 389 526 Dei
406 493 559 527 scientiam
569 495 595 527 sc
602 491 808 535 superbissime
818 493 988 526 extollentis
999 519 1008 531 ,
1017 495 1103 527 miles
1113 494 1225 528 Christi
1240 495 1437 538 spiritualibus
1445 500 1534 530 armis
1543 500 1676 542 potenti—

179 538 237 573 bus
246 541 318 573 Deo
325 541 475 573 accinetus
483 564 492 578 ‚
508 540 632 573 faciliter
641 540 787 576 destruet,
811 540 842 570 in
858 541 1062 583 captiuitatem
1072 540 1199 584 rediget,
1210 545 1241 576 ὅ(
1252 551 1281 573 in
1290 540 1466 586 obsequium
1478 544 1542 576 Iesu
1551 544 1675 584 Christi,

177 596 365 630 omnemque
375 587 509 629 procacix
519 584 883 618 ceruicisinobedientiam
902 585 1054 619 vlciscettir
1064 611 1073 625 ,
1090 587 1224 620 vniuersa
1234 598 1317 619 atina
1326 589 1390 621 eius
1405 589 1532 623 carnalia
1548 591 1672 627 auferet,

178 643 329 669 conteret,
340 631 371 664 ἃ
381 632 563 675 confringet.
589 631 688 664 Prima
698 629 844 675 liquidem
853 630 964 663 horum
985 633 1088 675 sagitta
1098 632 1168 666 flatu
1184 633 1245 666 Dei
1261 634 1376 678 repulsa
1386 634 1520 668 vulnerat
1537 636 1673 680 sagittan-

176 679 352 723 tem,prima
364 688 492 721 namque
501 678 621 710 illorum
632 679 745 720 argutia
752 677 941 720 redarguitur
952 689 1005 720 per
1024 677 1162 722 seipsam3
1171 678 1190 712 si
1202 681 1328 722 inquam
1338 704 1349 719 ‚
1359 689 1391 711 vt
1399 682 1517 714 conaris
1532 693 1672 726 arguere,

178 725 316 758 voluntas
324 733 421 755 creata
431 726 512 768 prius
521 723 695 756 naturaliter
702 725 776 766 agit,
785 723 913 756 liberum
922 725 1022 756 actum
1036 725 1120 756 suum
1131 736 1221 770 quam
1233 725 1321 758 Deus
1332 725 1474 759 voluntas
1482 738 1578 761 creata
1588 740 1669 772 prius

123 777 148 810 Β
178 771 351 802 naturaliter
360 772 435 812 agit,
445 781 538 813 quam
547 771 628 802 Deus
638 768 696 801 hoc
705 769 794 805 velit,
820 780 871 813 per
881 769 1076 802 corollarium
1085 770 1205 808 decimi,
1221 772 1308 815 primi
1319 771 1396 808 libri,
1404 775 1551 816 quoniam
1560 798 1570 812 ‚
1594 774 1669 808 ficui:

176 816 247 850 dicis
258 838 266 852 ,
285 816 412 860 quiailla
430 817 492 859 agit
503 841 511 854 ,
532 815 602 848 ideo
612 815 765 847 Deusviilt
775 826 841 847 eam
853 826 942 859 agere
955 838 966 855 ‚
984 826 1046 847 non
1056 817 1071 849 ὲ
1082 826 1204 857 comta,
1227 819 1321 861 ipsam
1341 817 1416 860 ergo
1432 829 1518 862 agere
1535 821 1572 852 est
1582 820 1667 855 cauffi

175 864 268 908 quare
278 863 363 894 Deus
373 863 437 894 vult
445 873 512 894 eam
523 872 612 904 agere
621 885 630 899 ,
646 861 677 894 ὃ(
686 860 773 893 causa
783 864 867 905 prior
875 860 1038 893 recundum
1051 873 1206 895 naturam:
1219 864 1356 897 voluntas
1367 864 1442 907 ergo
1452 875 1561 901 creata,
1570 872 1601 899 &
1613 878 1668 900 vo-

174 910 273 942 luntas
282 907 384 939 diuina
393 906 576 940 concausant
586 907 670 938 illum
680 907 782 938 aetum
799 908 964 941 voluntatis
980 906 1088 940 diuinae
1099 932 1106 943 ,
1132 915 1163 942 «Sc
1174 909 1315 942 voluntas
1330 921 1427 943 creata
1442 910 1523 954 prius
1539 913 1666 946 natura:

174 955 266 999 quare
275 952 755 986 secundumdedustionemtuam
765 952 936 996 premiis-im
950 953 1054 989 ‚Deus
1072 952 1168 987 causat
1183 954 1296 988 illibere*
1305 954 1432 988 liberum
1452 958 1555 989 astum
1571 955 1666 990 suum.

176 1000 321 1034 Similiter
328 1009 456 1043 quoque
465 999 562 1042 polles
571 1009 693 1042 arguere
702 998 740 1029 de
748 998 812 1031 filio
824 1000 883 1032 Dei
892 999 983 1032 Patris
997 1014 1005 1031 :
1041 1001 1126 1032 Nam
1142 1000 1306 1033 secundum
1315 1012 1422 1035 omncs
1439 1003 1591 1037 Doetores
1607 1005 1667 1038 Ca-

176 1046 319 1084 tholicos‚
327 1045 406 1078 filius
415 1046 553 1089 quicquid
565 1043 760 1083 haber,habet
770 1046 786 1076 a
797 1044 882 1078 Patre
891 1069 900 1082 ‚
909 1046 940 1079 ὅ(
951 1045 1010 1077 hoc
1021 1045 1184 1078 secundum
1194 1047 1347 1092 quandam
1356 1048 1557 1082 caulalitatcm
1566 1055 1596 1082 ὀί
1609 1052 1667 1094 pri-

176 1094 317 1125 oritatem
329 1115 337 1127 ‚
348 1089 419 1123 ficut
429 1088 574 1134 praemiffa
583 1091 733 1122 tricesimo
744 1089 834 1123 huius
843 1091 963 1124 docent.
980 1092 1123 1125 Similiter
1130 1094 1217 1125 etiam
1228 1093 1326 1136 poffcs
1337 1104 1460 1136 arguere
1469 1094 1506 1127 de
1523 1095 1594 1127 Sole
1604 1119 1612 1131 ,
1634 1096 1667 1131 ὅ(

176 1139 296 1170 afflone
305 1136 397 1181 ipsius
408 1136 508 1180 3quod
519 1137 569 1170 Sol
581 1139 660 1181 prius
668 1138 770 1169 natura
781 1137 890 1180 patitur
898 1160 907 1173 ,
918 1139 1010 1179 quam
1017 1149 1078 1181 agit
1088 1151 1095 1169 :
1106 1144 1135 1170 &
1146 1137 1164 1169 si
1174 1139 1438 1182 concedas,qufro
1447 1151 1537 1183 quarn
1548 1140 1666 1185 passio—

175 1194 256 1216 nem.
283 1184 313 1216 Si
324 1182 432 1216 dixeris
447 1186 628 1215 creationem
638 1184 684 1215 vel
701 1181 961 1215 confirmationem
973 1208 982 1222 ,
995 1181 1032 1215 sic
1041 1184 1219 1217 &voluntas
1229 1196 1394 1224 crmra3nec
1406 1186 1479 1218 istud
1489 1196 1517 1217 te
1526 1196 1616 1220 iuuat.
1635 1188 1667 1220 Si

176 1230 284 1264 dixeris
294 1230 544 1273 praeparationem
553 1228 590 1262 ad
606 1228 759 1270 agendum
771 1241 777 1259 :
803 1228 840 1260 lic
851 1228 881 1262 ὃ(
893 1229 1143 1263 voluntascreata.
1194 1230 1332 1264 Ponatur
1346 1242 1470 1275 quoque
1488 1232 1539 1264 Sol
1552 1243 1667 1266 creatus

176 1276 438 1320 praeparatissimus
446 1273 484 1306 ad
495 1273 646 1318 agendum
656 1299 664 1313 ‚
680 1275 710 1308 ὃ(
720 1274 862 1306 voluntas
872 1285 968 1307 creata
985 1276 1022 1307 ad
1031 1274 1196 1307 volendum
1207 1290 1218 1315 3
1234 1288 1288 1309 nec
1297 1277 1370 1309 istud
1383 1288 1410 1309 tc
1426 1288 1525 1313 iuuat,
1536 1278 1607 1322 quia
1617 1290 1668 1311 vo-

122 1324 151 1356 C
177 1323 273 1355 luntas
283 1319 528 1364 praeparatissima
538 1319 576 1352 ad
584 1321 736 1362 agendum
745 1321 841 1362 petest
850 1331 913 1352 non
923 1331 1022 1364 agere,
1032 1319 1103 1354 sicut
1113 1332 1150 1355 ex
1159 1322 1260 1364 primo
1268 1322 1299 1357 ὅ(
1307 1322 1437 1355 secundo
1446 1323 1535 1355 huius
1546 1324 1667 1357 euiden-

176 1377 220 1401 ter
229 1376 362 1410 apparet.
402 1365 552 1399 Sidixeris
568 1369 736 1398 motionem
748 1365 784 1397 ad
795 1365 962 1409 agendum:
980 1366 1028 1398 illa
1042 1369 1139 1400 motio
1149 1365 1201 1399 sub
1221 1379 1278 1412 qua
1296 1366 1393 1413 specie
1408 1380 1511 1403 motus
1529 1372 1669 1402 contine·

177 1424 224 1446 tur
235 1419 243 1444 Ξ
253 1412 272 1445 fi
284 1410 316 1444 sit
326 1411 462 1445 alteratio
472 1436 481 1449 ,
490 1410 800 1444 cuiuimodi'alteratio
814 1435 821 1447 ,
830 1413 900 1444 &in
909 1410 1075 1445 cuiusmodi
1084 1414 1222 1456 qualitate
1234 1420 1244 1445 ἓ
1270 1414 1322 1447 Illa
1331 1425 1455 1459 quoque
1464 1417 1573 1450 morio,
1585 1419 1615 1450 δε
1632 1417 1668 1447 il-

175 1459 336 1492 luminario
346 1457 416 1491 solis
425 1459 556 1490 exterior
563 1456 629 1490 sunt
638 1457 757 1490 diuersae
766 1456 883 1490 realiter
893 1480 901 1493 ,
912 1458 1071 1503 potestque
1081 1461 1161 1502 prior
1175 1470 1227 1502 per
1234 1462 1492 1504 omnipotentiam
1503 1462 1559 1496 Dei
1570 1459 1625 1494 effe
1635 1461 1668 1494 si-

176 1516 215 1538 ne
224 1504 396 1548 posteriori:
424 1504 500 1536 Non
509 1514 584 1546 ergo
591 1514 628 1537 ex
643 1503 691 1535 illa
703 1502 866 1536 necessario
877 1503 1012 1548 sequitur
1019 1504 1092 1544 alia,
1102 1515 1135 1538 Vt
1150 1505 1312 1549 supponis;
1331 1517 1422 1551 quare
1431 1507 1460 1541 ὃ(
1470 1509 1498 1538 in
1514 1506 1669 1542 voluntate

175 1560 270 1584 creata
280 1548 411 1582 fimiliter
420 1548 619 1582 sentiendum·
642 1549 729 1582 Talis
738 1560 862 1593 quoque
870 1550 971 1582 motio
979 1547 1057 1582 faeta
1065 1551 1096 1582 in
1107 1550 1260 1585 voluntate
1267 1553 1412 1585 creataest
1422 1552 1561 1596 quaedam
1570 1552 1671 1597 dispo-

177 1594 243 1629 sitio
251 1593 296 1628 stu
304 1597 480 1639 praeparatio
489 1594 524 1628 ad
534 1594 718 1634 volendum
742 1594 790 1627 sed
799 1607 851 1638 per
862 1599 961 1639 priora
971 1620 982 1635 ,
1001 1595 1157 1629 voluntate
1174 1596 1422 1631 sufficientissime
1432 1609 1595 1642 praepariita
1604 1611 1670 1632 non

178 1638 339 1681 necessario
349 1640 475 1684 sequitur
483 1639 572 1683 ipsam
582 1640 657 1673 velle
668 1665 676 1677 ,
701 1642 732 1676 ἀ
743 1640 812 1674 ficut
824 1641 990 1674 secundum
1007 1641 1096 1675 huius
1106 1643 1238 1675 ostendit
1248 1666 1258 1682 ,
1274 1643 1355 1677 nulla
1363 1654 1408 1675 res
1424 1655 1521 1678 creata
1531 1670 1538 1682 ,
1548 1656 1602 1677 nec
1612 1646 1671 1680 vlla

179 1687 265 1720 causa
277 1686 404 1720 secunda
419 1687 515 1731 potest
532 1687 707 1720 necessitate
724 1687 915 1721 voluntatem
924 1698 1055 1720 creatam
1066 1687 1102 1718 ad
1119 1688 1246 1721 liberum
1260 1691 1360 1722 astum
1374 1689 1468 1723 suum.
1511 1691 1672 1731 Sidixeris‚

180 1732 269 1778 quod
278 1733 331 1765 Sol
341 1732 421 1776 prius
431 1734 541 1776 patitur
550 1731 632 1765 suum
642 1743 728 1776 agere
738 1757 747 1771 ,
771 1735 864 1777 quam
875 1744 967 1776 agat;
990 1737 1072 1777 prius
1080 1743 1154 1777 ergo
1166 1745 1268 1768 natura
1279 1737 1381 1774 recipit
1391 1735 1471 1768 stium
1480 1748 1567 1780 agere
1576 1740 1671 1781 quarn

180 1777 278 1822 ipsum
288 1789 356 1822 agat
367 1789 477 1822 3quare
487 1789 573 1821 agere
583 1779 661 1810 Solis
673 1781 752 1821 prius
764 1790 866 1811 natura
875 1782 914 1812 est
925 1805 935 1816 ‚
946 1791 1040 1822 quam
1052 1780 1105 1812 Sol
1114 1790 1182 1824 agat
1196 1782 1313 1823 ipsum:
1333 1781 1390 1813 Sed
1400 1785 1562 1824 quomodo
1573 1806 1580 1819 ‚
1600 1784 1672 1814 cum

180 1825 372 1857 omniscausa
380 1823 512 1858 efficieris
528 1824 674 1868 praecedar
692 1824 793 1857 saltem
805 1827 911 1858 natura
929 1836 1055 1857 omnem
1066 1827 1151 1857 suum
1162 1826 1322 1859 effestum?
1350 1828 1379 1859 Si
1390 1827 1606 1872 dixeri3,quod
1623 1829 1673 1860 illa

134 1878 166 1913 D
181 1870 281 1913 passio
290 1871 384 1913 prima
395 1869 473 1903 Solis
482 1881 543 1902 non
553 1870 593 1902 est
602 1870 686 1902 suum
703 1871 888 1909 illuminare,
905 1870 952 1904 scd
961 1882 1054 1903 vnum
1064 1871 1143 1905 aliud
1157 1883 1245 1915 agere
1253 1874 1332 1915 prius
1341 1872 1393 1903 illo
1402 1874 1492 1910 ‚illud
1503 1875 1619 1907 videtur
1628 1875 1673 1906 su-

181 1917 280 1959 perius
287 1915 491 1959 reprobatum.
531 1915 678 1948 Praeretea
689 1917 725 1948 ilc
733 1917 785 1948 illo
794 1927 882 1960 :igere
890 1919 1047 1949 reuerti2ur
1056 1928 1265 1961 argumentum
1276 1917 1456 1960 praemiisum
1471 1932 1476 1949 :
1502 1920 1587 1952 Nam
1598 1920 1673 1952 illud

183 1963 324 2006 agere,est
333 1962 508 2005 agere-Solis
521 1972 566 1999 ,vr
577 1963 718 1995 concedis
728 1973 736 1989 -·
754 1974 847 2006 qnare
857 1964 937 2005 ptius
947 1964 1052 1995 natura
1063 1962 1117 1995 Sol
1125 1965 1231 2008 recipit
1241 1963 1311 1996 iilud
1324 1968 1409 1995 luum
1419 1975 1521 2007 agere,
1537 1967 1630 2008 quam
1642 1967 1672 1998 id

183 2008 326 2052 agat‚&c.
351 2007 514 2052 ficutprius
525 2031 535 2042 .
560 2006 623 2041 Etsi
635 2007 734 2039 adliuc
750 2020 815 2041 non
831 2007 985 2041 erubueris
1003 2008 1132 2051 fingere,
1150 2008 1233 2053 quod
1246 2010 1301 2042 Sol
1317 2010 1421 2053 recipit
1434 2011 1506 2044 illud
1520 2022 1607 2054 agere
1624 2024 1675 2054 per

184 2064 277 2086 vnum
288 2052 367 2085 aliud
386 2064 488 2097 agere,
517 2053 598 2097 quod
617 2054 788 2097 recipiendo
813 2056 920 2096 paritur
935 2056 1015 2097 prius
1035 2055 1089 2087 illo
1098 2079 1106 2091 ,
1130 2057 1299 2097 corripieris
1327 2067 1356 2087 vr
1380 2068 1470 2100 prius.
1510 2056 1671 2096 Praeterea,

183 2099 234 2132 vel
244 2097 335 2132 facies
350 2097 518 2142 procelsurn
534 2099 685 2132 infinitum
697 2100 756 2132 hoc
774 2100 870 2133 modo
881 2124 890 2137 ,
914 2100 999 2144 quod
1025 2110 1129 2133 natura
1146 2100 1289 2134 abhorret
1304 2124 1313 2137 ,
1346 2103 1375 2136 ἃ
1394 2101 1522 2134 lecuiida
1541 2103 1675 2145 suppoli-

185 2147 229 2178 tio
249 2144 405 2188 prohibes
439 2145 485 2176 vel
504 2145 623 2177 tantum
642 2144 773 2182 finitum,
803 2148 833 2180 ἃ
847 2157 917 2179 tunc
934 2145 1020 2178 dabis
1038 2146 1160 2188 aliquod
1183 2158 1270 2191 agere
1287 2147 1366 2179 Solis
1389 2158 1520 2190 primum
1533 2172 1543 2185 ,
1572 2159 1675 2181 contra

184 2190 270 2236 quod
285 2193 443 2223 reuertitur
457 2202 683 2235 argumentum.
721 2193 750 2224 Si
770 2202 843 2224 vero
863 2192 971 2225 dixeris
983 2217 990 2227 ,
1013 2193 1098 2236 quod
1111 2192 1159 2224 illa
1169 2197 1267 2235 palsio
1285 2195 1382 2236 prima
1393 2194 1470 2225 Solis
1480 2195 1520 2225 eit
1537 2194 1674 2237 quaedam

185 2249 247 2270 eius
257 2237 445 2273 coniunffio.
456 2237 504 2270 scu
512 2237 670 2269 adiunctio
681 2249 750 2269 cum
763 2239 814 2270 suo
822 2248 910 2281 agere
923 2263 932 2277 ‚
940 2238 987 2270 illa
998 2239 1154 2272 adiunftio
1163 2237 1210 2270 vel
1225 2238 1265 2270 est
1275 2239 1373 2280 aliqua
1382 2241 1492 2274 motio,
1502 2239 1546 2271 vel
1558 2238 1619 2270 sola
1631 2252 1676 2273 rc-

186 2283 260 2316 latio
274 2294 281 2314 ε
300 2283 329 2315 Si
340 2285 448 2320 motio.
461 2281 665 2316 temouebitur
673 2294 725 2326 per
734 2284 936 2327 praemiffatSi
947 2283 1007 2316 sola
1022 2284 1129 2316 relatio
1142 2307 1149 2318 .
1165 2284 1378 2328 oportetquod
1391 2283 1421 2317 lit
1435 2286 1538 2317 relatio
1548 2286 1631 2318 realis
1639 2297 1675 2319 cx

187 2340 249 2372 quo
260 2329 340 2361 iuuat
351 2329 467 2361 realiter
475 2329 511 2362 acl
521 2328 688 2372 agendum,
705 2329 920 2373 oportetquod
930 2329 1074 2362 fundetur
1084 2333 1112 2361 in
1123 2331 1263 2362 exrremis
1271 2331 1431 2368 adiunctis,
1442 2330 1513 2362 licut
1523 2331 1676 2375 aequalitas

188 2376 218 2406 in
229 2374 444 2418 quantitatibus
453 2374 664 2417 aequalibus.&
678 2373 840 2408 similitudo
851 2386 879 2406 in
890 2374 1080 2419 qualitatibus
1089 2374 1251 2408 similibus:
1275 2375 1505 2408 fundamentum
1524 2387 1624 2408 autem
1636 2379 1675 2410 est

149 2429 174 2460 Ε
191 2421 270 2463 prius
281 2430 385 2452 natura
393 2418 522 2453 fundato
534 2445 544 2459 ,
563 2419 635 2452 sicut
645 2420 726 2452 causa
735 2421 875 2459 caiisato;
889 2431 982 2465 quare
989 2432 1051 2453 tam
1062 2422 1130 2458 Sol,
1146 2433 1237 2465 quam
1247 2423 1307 2454 cius
1317 2432 1406 2465 agere
1417 2423 1587 2455 naturaliter
1595 2421 1676 2455 hanc.

191 2465 343 2510 praecedit,
353 2468 436 2498 cuius
446 2465 620 2510 oppositum
631 2465 812 2510 ponebatur.
837 2468 921 2498 Cum
929 2477 1003 2510 crgo
1011 2468 1121 2510 arguis.
1132 2469 1210 2500 Deus
1219 2469 1279 2510 agit
1289 2470 1386 2500 afrum
1397 2469 1561 2500 voluntaris
1570 2480 1675 2501 creata:

190 2515 271 2554 prius
283 2512 390 2543 natura
398 2514 492 2555 quam
503 2510 581 2555 ipsa3
594 2523 667 2554 crgo
682 2513 742 2554 ipsa
751 2515 831 2556 prius
847 2513 1018 2545 naturaliter
1028 2515 1310 2558 patiturquamagit
1328 2527 1335 2544 :
1353 2512 1543 2549 fallerismon
1553 2515 1676 2546 conclu-

191 2556 247 2590 dis.
264 2558 340 2590 Non
349 2569 428 2590 enim
438 2556 594 2601 patituribi
605 2557 746 2591 voluntas
755 2556 806 2591 nisi
819 2559 991 2603 recipiendo
1002 2560 1086 2592 suum
1095 2562 1194 2593 astum
1204 2558 1252 2592 seu
1263 2570 1370 2602 agere.
1395 2561 1423 2593 ὃ(
1435 2562 1513 2603 prius
1524 2571 1626 2592 natura
1637 2560 1676 2592 cst

192 2603 293 2634 astum
302 2601 351 2635 seu
360 2607 516 2647 agereeius
525 2601 684 2647 effe,quam
696 2607 800 2647 recipi,
817 2609 847 2635 8<
862 2603 963 2637 adhuc
974 2609 1054 2649 prius
1063 2616 1165 2638 natura
1173 2605 1212 2637 est
1221 2605 1409 2638 voluntatem
1420 2605 1584 2648 producere
1592 2606 1678 2638 suum

192 2651 296 2682 astum
305 2648 354 2681 seu
363 2660 460 2692 agere,
479 2660 568 2690 quam
580 2650 676 2692 ipsum
686 2650 753 2688 effe,
767 2651 836 2694 quia
846 2661 896 2693 per
905 2650 1073 2694 producere
1084 2652 1159 2695 capit
1169 2652 1226 2684 effe
1247 2665 1253 2682 :
1273 2652 1350 2694 prius
1368 2662 1442 2694 ergo
1461 2663 1566 2684 natura
1575 2651 1614 2683 est
1624 2663 1680 2684 vo-

191 2694 338 2727 luntatem
347 2706 436 2738 agere
444 2693 528 2727 suum
538 2697 652 2734 astum,
661 2707 749 2739 quam
761 2695 852 2740 ipsam
861 2698 990 2740 recipere
999 2698 1027 2731 ἁ
1039 2695 1076 2728 fic
1088 2698 1158 2740 pati.
1185 2695 1249 2729 Etsi
1258 2696 1358 2729 adhuc
1368 2697 1492 2742 replices
1504 2722 1512 2735 ,
1529 2697 1613 2740 quod
1625 2708 1681 2728 vo-

193 2740 338 2772 luntatem
346 2752 434 2784 agere
442 2743 549 2785 agitur,
557 2743 624 2784 quia
633 2753 696 2774 non
704 2742 880 2774 aeternalirer
890 2743 938 2774 sed
949 2744 1066 2774 nouiter
1076 2741 1168 2774 habet
1178 2740 1253 2776 else-3
1270 2745 1301 2778 ὃ(
1310 2742 1328 2774 si
1339 2744 1447 2785 agitur,
1461 2745 1559 2786 :igitur
1568 2754 1619 2787 pcr
1628 2743 1682 2775 ali-

218 2785 278 2818 uod
286 2788 333 2829 agi
342 2784 435 2830 ipsum
444 2785 613 2832 praecedens
623 2799 730 2831 :quare
738 2787 837 2821 adhuc
850 2787 992 2821 voluntas
1003 2789 1082 2831 prius
1091 2788 1260 2822 naturaliter
1268 2791 1376 2832 patitur
1385 2801 1474 2833 quam
1486 2789 1681 2832 agir,rallctis,

193 2797 265 2865 sicut
274 2835 365 2876 ptius.
383 2833 430 2866 Sic
439 2834 517 2867 enim
526 2832 623 2877 poffes
632 2844 765 2878 arguere,
777 2844 872 2866 omne
881 2844 973 2878 agens
981 2832 1030 2867 scu
1039 2836 1171 2868 astruam
1184 2858 1194 2875 ‚
1207 2837 1297 2867 etiam
1306 2833 1401 2879 ipsum
1412 2837 1510 2869 Deum
1520 2832 1573 2868 csse
1591 2836 1683 2879 passi-

1598 2891 1683 2918 tium,

1701 146 1792 191 599
