1985 3130
122 162 169 212 C
186 186 209 212 Δ
223 183 263 213 p,
293 181 354 227 53,
769 164 843 214 De
866 165 986 230 Causa
997 167 1101 216 Dei.
1668 176 1754 236 875

134 266 164 297 Α
182 261 264 292 Deus
275 258 449 301 impeditiua
456 259 598 290 contraria
608 256 761 301 prohibet,
778 267 831 288 aur
840 260 957 290 causam
968 258 1144 292 efficientem
1155 262 1195 293 rei
1203 261 1272 292 fecit
1280 269 1331 294 aut
1340 261 1446 303 seruat,
1453 267 1605 308 permittit,
1613 266 1659 299 vei

180 317 243 336 non
254 304 378 347 impedit
387 304 512 346 operari.

224 349 321 391 Qiod
333 348 412 380 nulla
421 359 465 379 res
474 346 634 380 secundum
642 346 795 380 essentiam
806 348 889 380 stiam
901 347 958 381 siue
968 349 1154 383 substantiam
1165 348 1259 395 posset
1269 351 1331 385 fieri
1341 354 1391 387 nifi
1401 355 1417 386 a
1426 356 1507 393 Deo,
1523 367 1594 400 neq;
1604 356 1657 389 ni'fi
1740 368 1760 398 7

179 396 195 427 ὲ
205 394 275 426 Deo
284 393 376 436 ipsam
386 393 630 436 immediate‚per
637 394 664 424 se
673 396 702 426 δι
711 395 834 436 proprie
845 392 983 428 faciente.

221 438 316 481 Qod
326 439 409 471 Deus
417 449 480 469 non
489 439 526 469 cst
536 438 638 481 aliquo
649 439 744 470 modo
753 438 912 471 murabilis.
1740 448 1758 478 8

221 484 318 525 Qiod
329 495 426 528 neque
434 484 549 516 scientia
557 484 630 522 Dei,
641 494 736 526 neque
744 488 806 516 cius
818 486 956 517 voluntas
966 485 1004 516 est
1015 485 1235 519 mutabilisvllo
1244 489 1350 521 modo.
1735 503 1756 529 9

219 530 319 571 Quod
330 530 410 562 Deus
420 528 552 564 sciendo,
564 528 710 566 volendo,
720 530 750 563 ὃ(
760 530 963 573 quodcunque
972 531 1090 573 agendo
1101 532 1274 566 intrinstcus
1282 535 1320 566 est
1333 533 1444 576 semper
1452 537 1608 570 intrinsece
1617 549 1655 571 ae-
1723 546 1762 568 10

174 577 234 620 que
249 578 362 608 ltimrnex
372 575 402 608 ἂ
411 576 579 617 pleniisime
591 574 725 606 aCttial'is.

219 620 319 661 Quod
330 621 412 652 nulla
424 619 539 653 scientia
549 621 606 652 Dei
614 619 747 652 causatur
757 618 773 649 ὲ
785 619 996 660 posterioribus
1005 619 1092 655 rebus
1107 618 1194 657 scitis.
1719 635 1731 657 1
1742 635 1753 657 r

217 666 311 710 Qod
323 666 402 699 nulla
410 666 551 699 voluntas
560 667 629 704 Dei,
637 666 695 697 fiue
705 665 822 698 volutio
831 668 847 696 a
857 666 1066 708 posterioribus
1077 667 1185 700 volutis
1194 666 1249 701 suis
1259 670 1401 704 causatur.
1718 681 1728 703 i
1737 682 1753 702 2

217 712 319 755 Qiod
328 713 429 744 omnis
437 715 519 745 astus
529 713 692 744 voluntatis
701 711 820 747 diuinae,
831 712 996 754 Angeiicae,
1004 718 1034 745 &
1044 711 1184 746 humanae
1194 715 1234 746 est
1243 714 1369 758 aliquid.
1716 726 1750 762 13

216 757 318 797 Quod
327 759 426 790 omnis
436 759 515 790 affio
525 756 689 790 voluntatis
699 767 811 794 creatae,
821 755 983 790 secundum
991 755 1140 791 essentiam
1153 759 1212 791 siue
1220 759 1406 794 substantiam
1417 761 1509 804 ipsam
1519 763 1651 802 astus,fit
1714 772 1725 793 1
1735 774 1755 805 4

114 797 138 830 Β
170 801 287 846 abipsa,
302 805 331 837 ὅ(
342 804 358 835 ὲ
369 805 437 836 Deo
445 802 573 835 eundem
584 804 689 845 pariter
696 812 853 844 coagente.

209 848 308 888 Quod
315 850 416 881 omnis
424 851 505 881 astus
513 848 673 880 voluntatis
681 858 793 885 creatae,
802 846 959 880 secundum
969 846 1119 881 essentiam
1130 848 1188 881 siue
1198 849 1385 884 substantiam
1395 850 1488 896 ips-‘im
1498 856 1592 890 astus,
1617 854 1650 888 fit
1713 864 1724 886 i
1732 865 1748 898 5

168 892 208 924 ab
216 891 276 936 ipsa
285 901 316 927 &
327 897 343 925 a
354 895 421 927 Deo
428 894 557 927 eundem
570 895 676 936 pariter
684 893 869 931 immediate,
879 895 965 935 petie
974 901 1002 928 &
1013 897 1133 938 proprie
1142 906 1362 939 coagente‚non
1372 909 1488 930 tantum
1498 901 1651 933 mediante

168 939 267 977 exio,
278 939 432 972 influentia
441 940 581 982 generali,
590 937 770 977 obiesto,vel
778 939 878 983 aliquo
888 939 948 971 alio
959 939 1056 978 simili,
1065 942 1095 974 ὅ(
1104 951 1157 983 per
1165 942 1237 973 illud
1249 956 1259 979 3
1268 953 1368 984 neque
1376 944 1650 978 tantantummodo

166 986 334 1027 impropria
344 995 471 1024 ratione,
492 995 555 1028 qua
564 986 646 1017 Deus
660 984 845 1017 voluntatem
855 995 996 1021 creatam,
1010 984 1282 1030 quaecftici'rastum
1292 988 1375 1019 illum
1386 1014 1394 1026 ,
1411 989 1651 1027 fecitautscruat,

167 1041 231 1063 non
241 1029 375 1068 destruit,
384 1030 502 1063 velnon
510 1030 649 1073 impedit,
673 1027 720 1062 scd
729 1030 784 1062 effe
795 1029 825 1063 ὅ(
834 1040 950 1073 operari
960 1032 1121 1073 permittit,
1142 1043 1192 1064 aur
1207 1034 1276 1076 quia
1285 1033 1426 1076 prohibet
1435 1037 1528 1079 ipsam
1541 1034 1578 1067 ab
1585 1038 1652 1074 aliis

165 1075 319 1118 impediri.

210 1121 308 1163 Quod
319 1119 514 1165 quandoct‘iqt
523 1120 608 1153 Deus
618 1121 647 1154 ὃ(
657 1131 789 1153 creatura
797 1120 948 1153 rationalis
955 1121 1128 1155 coefficiunt
1136 1121 1262 1155 liberum
1272 1126 1373 1157 actum
1383 1124 1561 1164 suumne-ss
1571 1129 1652 1170 prius
1719 1140 1730 1162 ι
1738 1135 1759 1162 6

167 1167 409 1209 naturaliteragit
421 1166 504 1196 illum
515 1176 605 1208 quam
616 1165 688 1208 ipsa,
711 1171 741 1201 &
750 1166 832 1208 quod
846 1167 1090 1200 voluntasdiuina
1099 1168 1237 1210 praeced1t
1245 1172 1415 1203 naturaliter
1423 1173 1452 1205 in
1462 1173 1595 1215 agendo,
1618 1184 1651 1206 vt

163 1213 315 1248 Domina,
324 1212 460 1245 &creata
472 1210 564 1254 ipsam
576 1209 757 1255 subsequitur
765 1211 1011 1247 naturaliordine,
1021 1223 1050 1244 vt
1064 1213 1182 1245 ancilla.

209 1257 305 1299 Qod
313 1257 415 1289 Deum
425 1258 572 1300 praeuesse,
581 1255 610 1287 id
620 1259 670 1294 est,
686 1259 767 1299 ptius
776 1257 949 1289 naturaliter
960 1257 1051 1295 velle,
1069 1257 1117 1289 seu
1129 1260 1209 1301 ptius
1218 1260 1390 1294 aeternaliter
1399 1261 1523 1295 volui'ss'e
1532 1261 1594 1296 hoc
1602 1264 1648 1298 vel
1718 1274 1758 1306 ¹7

163 1303 235 1336 illud
246 1302 370 1346 praesens
381 1302 427 1334 vel
437 1301 587 1341 futurum,
599 1313 652 1334 nec
662 1303 700 1334 est
710 1312 763 1334 nec
773 1300 827 1334 fuir
837 1304 865 1334 in
876 1300 967 1335 libera
976 1303 1224 1336 contradictionis
1239 1303 1373 1338 hominis
1382 1309 1538 1350 pctestatc.

107 1352 137 1385 C
201 1348 302 1391 Quod
310 1348 395 1380 causa
404 1349 511 1391 prima,
521 1346 568 1379 seu
578 1348 718 1380 voluntas
728 1347 830 1380 diuina
840 1359 902 1380 non
919 1350 996 1381 estin
1013 1350 1098 1381 causa
1112 1350 1286 1393 posseriotls
1302 1349 1350 1382 seu
1366 1353 1528 1385 voluntatis
1544 1365 1646 1388 creatae
1712 1356 1749 1390 18

167 1393 259 1426 libera
268 1394 421 1437 potestate.

210 1439 309 1481 Qiod
317 1441 421 1482 gratia,
431 1449 489 1482 qua
498 1436 658 1477 saluamur,
666 1437 852 1471 daturaDco
861 1440 949 1481 gratis
958 1437 1139 1484 fimplicitet,
1149 1451 1205 1473 nec
1212 1440 1316 1485 aliquo
1327 1443 1433 1474 merito
1443 1445 1553 1486 praeuio
1563 1456 1611 1477 ma
1616 1457 1647 1490 g·
1709 1458 1743 1487 ¹9

164 1495 206 1516 no
218 1485 264 1516 vel
275 1495 379 1528 paruo,
387 1484 545 1526 condigno
557 1484 747 1528 velcongruo
757 1495 960 1527 comparatur.

208 1529 308 1569 Quod
319 1529 458 1563 voluntas
467 1532 568 1563 diuina
578 1541 641 1560 noii
651 1533 689 1561 eit
700 1529 893 1573 impedibilis‚
902 1528 951 1563 sed
960 1529 1158 1564 vniuersaliter
1166 1530 1274 1565 efficax
1283 1534 1311 1564 in
1322 1532 1483 1567 causando.
1713 1546 1754 1568 20

208 1575 432 1618 Qodadhoc,
449 1575 535 1620 quod
552 1576 691 1608 voluntas
708 1575 810 1608 diuina
824 1575 1067 1609 sitinfrustrabilis
1085 1577 1115 1611 ὅ(
1129 1578 1286 1611 necessaria
1301 1579 1330 1610 in
1346 1579 1496 1612 causando
1511 1582 1643 1625 respestu
1713 1592 1746 1612 21

162 1622 281 1654 suorum
291 1617 451 1654 effestuum
462 1632 722 1664 quotumcunque,
732 1623 761 1654 ἃ
771 1632 1020 1665 quarumcunque
1030 1624 1228 1663 posteriorum
1239 1626 1394 1657 causarum
1404 1650 1415 1664 ,
1431 1625 1597 1672 omnesque
1605 1627 1645 1660 sui

160 1667 282 1700 estestus
294 1666 348 1700 lint
358 1665 503 1704 necessarii·
514 1665 645 1710 respeSttt
654 1667 741 1703 illius,
749 1665 855 1699 (uflicit
864 1666 948 1710 quod
956 1669 1016 1708 ipsa
1027 1665 1060 1700 fit
1068 1667 1153 1699 causa
1161 1679 1257 1711 prima
1268 1671 1449 1709 naturaliter,
1458 1675 1486 1705 Sa
1496 1682 1524 1704 in
1535 1674 1645 1707 nullius

161 1716 294 1749 alterius,
304 1713 488 1746 nullarumue
497 1713 620 1745 aliarum
629 1714 784 1757 potestate,
795 1724 856 1745 non
865 1712 1057 1755 impedibilis,
1065 1715 1095 1748 ὅ(
1107 1715 1417 1748 vniuersalitcreflicax
1426 1718 1455 1748 in
1463 1716 1620 1751 causando.

200 1757 298 1797 Quod
309 1758 500 1791 necessarium
510 1760 548 1791 est
557 1760 657 1791 Deum
666 1758 814 1790 mundum
822 1759 940 1796 creastis,
949 1761 1132 1792 incarnatum
1143 1758 1225 1792 fuiss'e
1235 1783 1242 1796 ,
1260 1760 1417 1794 hominem
1427 1761 1578 1795 redemisse
1587 1790 1595 1801 ‚
1611 1770 1642 1797 «Sc
1709 1782 1724 1802 2
1732 1781 1745 1801 2

161 1803 265 1836 Deum
277 1803 338 1835 hoc
347 1804 433 1842 velle,
441 1816 474 1837 ac
483 1815 573 1835 eriam
583 1802 715 1836 voluisse.

202 1850 301 1892 Qiod
312 1861 380 1881 cum
390 1848 492 1882 futura
502 1851 706 1892 contingentia
715 1847 803 1892 ”fiant
812 1850 974 1890 praesenria,
988 1861 1038 1883 aut
1052 1850 1081 1881 in
1093 1852 1275 1892 praeteritum
1290 1850 1463 1885 dilabuntur
1472 1877 1481 1890 ,
1503 1854 1641 1886 voluntas
1709 1870 1748 1900 23

102 1899 134 1930 D
159 1893 258 1927 diu³na
266 1896 398 1937 relpetstu
408 1895 526 1927 illorum
537 1906 600 1928 non
609 1894 714 1928 desinit
723 1893 875 1926 effelibeta
885 1895 983 1938 aliqua
993 1895 1127 1928 libertate
1136 1921 1143 1932 ,
1167 1895 1215 1929 seu
1229 1897 1331 1939 aliquo
1341 1897 1437 1930 modo
1447 1899 1588 1932 libertatis
1599 1912 1641 1932 iri-
1661 1904 1674 1943 Η
1686 1905 1735 1934 sint

159 1940 311 1976 trinsecus,
320 1951 377 1983 qua
387 1941 431 1973 vel
441 1952 503 1984 quo
513 1942 593 1984 prius
603 1939 698 1973 fuerat
708 1939 809 1976 libera,
819 1950 872 1971 nec
880 1941 983 1983 incipit
992 1939 1048 1973 effe
1058 1942 1210 1974 necessaria
1218 1943 1317 1987 aliqua
1327 1943 1495 1975 necessitate
1502 1945 1640 1988 opposita

156 1986 289 2026 respeQu
300 1987 441 2028 ipsorum.

201 2031 293 2072 Qod
305 2031 447 2064 voluntas
457 2029 558 2062 diuina
566 2031 681 2073 semper
689 2029 727 2062 est
738 2030 823 2074 aeque
831 2028 919 2062 libera
930 2052 939 2064 2
963 2028 1010 2059 seu
1026 2029 1110 2073 aeque
1129 2030 1284 2063 necessaria
1297 2028 1430 2074 respe-stu
1438 2035 1639 2080 cuiuscunque
1704 2058 1746 2091 24

156 2075 196 2108 sui
206 2076 330 2112 obieffl,
339 2075 369 2108 ὅ(
377 2074 685 2107 cuiussibetintrinseci'
694 2077 777 2104 οᾶυς
787 2074 837 2105 sui.

198 2119 297 2160 Quod
309 2121 502 2152 necessarium
513 2120 552 2151 est
561 2121 661 2151 Deum
671 2116 741 2150 scire
751 2118 788 2150 de
797 2117 926 2162 qualibet
936 2129 966 2151 re
974 2117 1121 2163 praesenti,
1131 2122 1221 2165 ipsam
1231 2121 1371 2159 esse,scire
1381 2134 1504 2167 quoque
1512 2125 1638 2169 atq31ci·
1704 2150 1722 2171 2

157 2164 226 2198 uisse
234 2165 271 2198 de
279 2165 411 2210 qualibet
420 2176 450 2197 re
465 2166 611 2207 praeterita
620 2166 713 2206 ipsam
723 2161 817 2196 fuiffe.
1730 2150 1742 2183 5

200 2212 297 2252 Quod
308 2221 377 2243 curn
387 2213 484 2243 lutura
492 2211 696 2253 contingentia
705 2209 779 2241 fiunt
788 2208 950 2252 praesentia,
958 2212 987 2240 in
997 2213 1219 2255 praeterittimue
1226 2214 1437 2249 transcurrunt,
1453 2214 1570 2246 scientia
1580 2217 1635 2248 Dei
1702 2236 1744 2262 26

154 2255 286 2300 respestu
295 2257 415 2289 iliorum
424 2266 486 2287 non
496 2253 600 2288 desinit
609 2253 664 2287 else
673 2265 851 2298 contingens
860 2255 956 2299 aliqua
965 2257 1232 2300 contingentia,seu
1242 2260 1344 2303 aliquo
1354 2259 1449 2291 modo
1458 2262 1637 2303 contingen-

153 2304 199 2335 tiae
208 2304 392 2337 intrinsecus,
403 2312 462 2344 qua
471 2298 518 2332 stu
527 2312 591 2344 quo
600 2301 681 2343 prius
691 2299 746 2333 fuit
754 2310 943 2345 contingens,
951 2313 1004 2333 nec
1012 2301 1115 2347 incipit
1123 2302 1179 2337 eise
1188 2304 1341 2338 neceffiiria
1358 2305 1452 2347 aliqua
1464 2303 1635 2339 iieccl'snate

154 2347 296 2390 opposita
307 2347 438 2390 “specstu
446 2347 590 2389 ipsorum.

201 2392 301 2435 Quod
312 2391 425 2425 scientia
440 2393 496 2424 Dei
506 2395 620 2436 semper
629 2391 668 2423 est
678 2391 762 2436 aeque
773 2390 875 2428 libera,
893 2392 938 2424 seu
951 2394 1030 2435 eque
1047 2391 1200 2427 necessaria
1218 2395 1373 2428 intrinsece
1390 2397 1517 2438 respestu
1536 2397 1634 2428 ctii'us-
1705 2409 1745 2441 27

103 2446 125 2478 Ε
155 2449 274 2482 cunque
282 2439 323 2470 sui
331 2437 451 2474 obieffl,
468 2439 498 2472 ἃ
509 2437 593 2481 quod
602 2437 766 2471 intellefilus
775 2437 891 2470 diuinus
902 2439 948 2469 seu
957 2440 1038 2472 Deus
1047 2441 1381 2481 aeternalitetpermanet
1392 2440 1565 2474 intrinsecus
1576 2443 1634 2484 ple-

155 2485 274 2517 nissime
284 2481 443 2516 vnifortnis
453 2507 460 2521 ,
478 2482 590 2528 stmper
600 2483 738 2516 videlicet
751 2484 833 2528 aeqtie
844 2482 917 2516 liber
926 2508 935 2522 ,
949 2495 998 2517 aut
1009 2487 1092 2529 aeque
1102 2486 1273 2518 necessarius
1283 2487 1416 2528 relpcc‘lu
1426 2485 1577 2520 cuiussibet
1589 2499 1634 2520 in·

155 2528 267 2562 trinscci
276 2530 358 2561 astus
369 2526 421 2560 sui.

195 2575 295 2615 Quod
306 2573 449 2618 quicquid
460 2571 594 2606 Christus
608 2572 767 2607 secundum
778 2575 960 2609 intelle-stum
974 2599 981 2613 ,
996 2574 1186 2607 voluntatem
1199 2599 1208 2612 ,
1224 2582 1253 2608 &
1265 2576 1396 2619 linguam
1407 2575 1472 2609 suos
1482 2576 1634 2613 humanos
1696 2586 1734 2616 28

155 2622 183 2651 i'n
194 2621 319 2663 proprio
328 2630 444 2661 genere,
454 2631 505 2663 per
515 2620 750 2651 nausiiattirales
763 2620 912 2654 humanos
919 2621 1051 2654 distinete
1062 2621 1153 2658 sciuit,
1168 2622 1304 2658 credidit,
1314 2622 1419 2658 voluit,
1430 2634 1497 2655 viua
1508 2636 1582 2657 voce
1591 2627 1633 2656 as-

154 2667 240 2697 seruit
250 2667 278 2698 6(
287 2667 404 2703 iurauit,
412 2662 523 2696 necesse
532 2666 570 2696 est
579 2675 646 2696 curn
657 2668 696 2697 ita
707 2664 802 2698 fecisse
813 2669 859 2704 ;&
867 2665 1007 2711 quicquid
1018 2667 1054 2697 ad
1066 2677 1276 2710 quemcunque
1286 2668 1467 2700 intellectum
1478 2669 1635 2709 sciuir‚cre-

156 2710 360 2749 didit‚voluit,
370 2713 500 2746 aiseruit,
510 2721 559 2742 aut
568 2712 686 2747 iurauit,
695 2713 810 2744 necesse
819 2715 857 2745 est
867 2712 981 2745 eumad
993 2711 1120 2743 eundern
1136 2713 1317 2745 intellcstum
1329 2724 1369 2743 ita
1390 2714 1496 2746 fecisse.

196 2756 297 2795 Quod
307 2757 323 2786 ii
337 2755 472 2789 Christus
483 2756 643 2787 iecundiim
654 2767 789 2790 naturam
807 2760 885 2790 surim
897 2758 1055 2790 humanam
1066 2769 1116 2799 per
1125 2760 1208 2790 astus
1219 2758 1362 2790 naturale-5
1372 2758 1520 2791 humanos
1531 2759 1631 2791 distin-
1693 2781 1733 2809 29

155 2803 200 2833 ἂὲ
217 2802 602 2839 sciuit,credidit.voluit,&
613 2801 740 2836 asseruit,
759 2805 905 2837 &iurauit
921 2804 1068 2845 dealiquo
1079 2802 1180 2834 intuto
1194 2804 1379 2845 contingenti
1395 2804 1476 2846 quod
1495 2804 1551 2836 hoc
1567 2806 1632 2843 crit,

154 2846 205 2879 illo
214 2846 311 2879 adhuc
321 2858 460 2880 manente
473 2846 573 2878 futuro
582 2850 790 2891 contingenti,
807 2847 1002 2882 necessarium
1013 2850 1051 2881 cst
1060 2849 1211 2881 Christum
1221 2850 1259 2881 irai
1268 2847 1380 2887 secisse,
1402 2851 1432 2883 ὅ(
1450 2852 1488 2883 ita
1503 2848 1632 2883 necessa-

1555 2905 1632 2928 rium
