1985 3130
215 149 318 206 784

146 240 179 269 2³.
192 242 293 269 Modus

146 290 255 319 prliUU5‚

149 344 293 371 znseeurr

146 383 203 409 dus.

150 466 309 496 Anxius.

149 658 255 687 Tertius

150 697 248 726 modus

148 736 305 776 principalis,

156 964 295 1000 3¹.Mnt·lus

153 1015 263 1043 prmius.

158 1048 300 1080 3¹,b'ccuii-

153 1086 211 1111 diis.

158 1125 315 1159 3¹.Tertius.

156 1167 275 1203 Qittus

155 1206 252 1232 modus

155 1244 316 1283 principalis.

158 1376 287 1413 Qintus.

826 138 994 188 ‘Thomae
1008 136 1297 187 Pradwardim‘
1727 140 1795 189 Li
1808 161 1874 208 13.3

329 236 443 270 videat,
462 235 547 279 quod
557 234 681 268 verbum
689 234 773 266 velut
785 234 907 277 species,
924 231 1058 271 habitus,
1075 232 1122 263 seu
1132 232 1196 264 idea
1206 233 1231 264 ci
1241 230 1395 275 praesentat
1410 243 1420 266 ς
1436 231 1467 265 ἃ
1484 231 1515 264 hi
1530 232 1652 265 vlterius
1665 233 1820 277 tripliciter
1832 241 1861 273 A

330 280 500 314 suntdiuili.
536 280 577 313 Hi
594 290 725 323 namque
741 288 863 324 ponunt
877 278 959 322 quod
975 288 1109 310 creatura
1124 278 1206 310 videt
1222 277 1356 310 distinete
1372 277 1485 320 lingula
1502 276 1559 310 fiue
1576 280 1768 322 incomplexa
1786 279 1818 313 fi.

330 339 366 360 ue
376 328 537 368 complexa
545 337 611 370 quae
620 326 737 358 videtin
749 325 853 362 verbo,
867 336 918 367 per
932 325 1056 355 vm'cum
1071 324 1172 355 atstum
1182 334 1314 356 creatum
1323 323 1491 355 beatificum
1500 322 1750 367 supernaturalem
1761 325 1820 358 iin-

322 371 782 416 .guiadiitinste‚&immcdiate
798 369 1052 413 supernaturaliter
1068 371 1307 411 praesentantem.
1337 369 1386 401 Illi
1403 380 1474 401 vero
1487 394 1496 408 ,
1509 369 1596 411 quod
1616 380 1667 412 per
1685 382 1780 403 vuum
1790 384 1819 405 a-

331 422 413 452 stum
423 429 554 451 creatum
564 417 644 449 videt
656 419 758 449 omnia
766 418 867 448 incom
874 416 959 458 plexa
969 418 998 446 in
1008 414 1114 451 verbo,
1122 416 1152 449 ὅ(
1161 425 1211 457 per
1220 415 1310 447 alium
1321 416 1420 446 astum
1431 425 1565 447 creatum
1574 417 1677 447 omnia
1687 418 1822 460 comple-

331 475 370 496 xa
378 475 446 508 quae
457 464 546 495 videt.
571 463 616 495 isti
627 473 739 500 autem,
748 462 832 505 quod
844 461 921 493 videt
933 459 1044 503 singulti
1054 460 1248 502 incomplexa
1265 471 1355 503 :itque
1372 460 1531 503 complexa
1549 471 1613 504 quae
1625 460 1740 494 videtin
1752 474 1818 494 ver-

330 509 371 540 bo
380 520 429 552 per
438 511 520 541 astus
531 519 644 540 creatos
655 508 828 550 singulos&
839 507 1010 542 distinctos,
1029 505 1096 538 visis
1114 504 1234 549 singulis
1250 505 1475 549 respondentes.
1502 506 1601 538 Huius
1618 517 1718 539 autem
1737 506 1818 541 sestae

331 557 483 599 tripartitae
493 554 633 597 quaelibet
643 555 689 585 vi.i
708 557 737 585 in
748 553 822 585 duas
834 551 948 584 semitas
958 552 1127 595 bipartitur,
1138 561 1283 594 quantum
1293 550 1330 584 ad
1340 562 1502 583 numerum
1514 549 1673 584 visibilium
1684 551 1732 585 seu
1742 554 1821 585 viso-

331 612 396 633 rum
405 612 412 633 ς
425 600 465 631 Hi
477 610 606 641 namque
615 610 733 641 ponunt
741 609 904 631 creaturam
916 596 996 640 posse
1007 597 1091 629 timul
1103 597 1239 629 viderem
1249 596 1342 629 verbo
1351 595 1467 629 infinita
1475 597 1663 635 distintste3illi
1674 609 1746 630 vero
1756 609 1820 631 tan-

332 657 397 678 tum
414 645 506 678 linita.
546 644 658 676 Adhuc
675 655 775 676 autem
794 648 975 686 superiorem
998 642 1179 674 diuisionem
1196 642 1317 675 vlteriiis
1332 641 1561 686 prosequendo,
1583 644 1646 680 Alii
1658 654 1820 687 opinantur

332 691 414 735 quod
426 690 552 723 verbum
562 702 623 721 non
636 691 769 732 suppleat
783 690 875 722 vicem
886 690 990 732 speciei
1002 689 1131 727 babitus,
1142 699 1238 731 neque
1245 691 1337 724 aetus,
1348 686 1395 720 sed
1405 689 1490 731 quod
1499 689 1641 732 quicquid
1651 690 1820 733 incomple-

332 748 404 771 xum
418 735 475 767 siue
492 736 685 779 complexum
699 746 831 767 creatura
842 735 920 767 videt
932 735 962 765 in
975 733 1080 770 verbo,
1092 734 1172 766 videt
1181 745 1232 776 per
1240 732 1379 776 speciem,
1403 733 1539 767 habitum
1549 745 1639 778 atque
1649 738 1746 768 astum
1756 747 1820 769 cre·

334 794 412 815 :itam
426 783 610 814 leucri-’atum
622 795 631 819 3
641 793 693 823 per
704 780 842 824 speciem,
851 781 972 823 iuquam
982 804 989 815 ,
1008 784 1054 812 leu
1063 779 1198 811 habitum
1208 780 1390 812 mediantem
1405 781 1479 812 inter
1490 779 1615 812 verbum
1627 787 1657 812 Sc
1666 782 1767 813 afrum
1779 784 1820 814 vi-

334 828 441 865 dendi3
456 828 594 860 &tamen
604 827 688 870 quod
699 827 761 859 list-c
770 826 913 859 dicuntur
922 826 1053 858 viderim
1064 824 1157 857 verbo
1168 848 1178 862 ‚
1205 822 1273 857 licut
1289 826 1347 858 vila
1363 825 1525 858 materialia
1540 824 1679 858 dicuntur
1688 827 1779 860 videri
1788 830 1818 859 in

335 874 404 906 Sole
416 874 460 904 seu
471 873 535 904 luce
545 874 689 904 materiali
700 886 709 910 ς
729 883 799 916 quia
808 872 945 904 videlicet
956 882 1001 903 vet
1009 871 1081 903 bum
1090 870 1171 902 velut
1188 870 1311 914 quidam
1327 870 1379 903 Sol
1388 877 1418 903 &
1427 870 1477 902 lux
1487 870 1644 914 spiritualis
1652 873 1701 903 ista
1711 873 1820 905 illumi-

337 930 398 954 nat..
409 926 438 951 8(
449 918 591 961 disponit,
603 919 758 950 vrvaleant
769 917 805 950 lic
814 917 904 950 videri
918 930 922 946 ε
937 924 964 949 3(
976 916 1006 947 hi
1017 917 1163 960 triplicem
1174 917 1282 948 seuam
1291 915 1400 948 habent
1410 926 1446 949 ex
1464 928 1547 959 parte
1557 916 1728 950 huiusmodi
1737 917 1822 950 habi-

336 976 392 1003 tus,
401 963 471 996 sicut
483 970 511 994 ὅ(
523 968 637 1007 priores
647 976 680 996 ex
690 976 769 1007 parte
779 965 861 995 astus
872 962 1032 995 habebant.
1061 962 1200 1003 Qiidam
1210 963 1288 993 enim
1297 960 1447 994 affirmant
1459 985 1466 996 .
1483 963 1568 1006 quod
1586 965 1765 1004 pcrvnicum
1773 963 1825 997 ha·

336 1010 431 1042 bitum
441 1012 542 1042 omnia
552 1011 743 1052 incomplexa
754 1011 783 1043 ὃ(
797 1010 958 1052 complexa
968 1008 1008 1039 ibi
1025 1007 1083 1040 visa
1095 1008 1252 1039 videntur:
1276 1008 1338 1044 Alii
1356 1007 1442 1051 quod
1458 1009 1651 1052 incomplexa
1666 1020 1716 1051 per
1728 1018 1822 1042 vnum

337 1057 366 1089 ὅ(
377 1056 538 1098 complexa
550 1066 599 1097 per
607 1055 696 1086 alium
716 1068 722 1085 :
740 1055 842 1098 Aliqui
853 1054 934 1096 quod
946 1053 1058 1096 ungula
1073 1052 1131 1085 visa
1146 1052 1337 1095 incomplexa
1354 1065 1441 1095 atque
1460 1054 1620 1097 complexa
1636 1066 1690 1098 per
1703 1053 1823 1088 habitus

336 1101 471 1143 singulos
482 1102 621 1144 proprios
638 1107 667 1133 δε
679 1101 843 1132 distinffios.
869 1101 1003 1133 Vlterius
1014 1110 1112 1131 utitem
1122 1098 1152 1130 lii
1169 1109 1276 1130 omnes
1286 1099 1421 1131 bifariam
1433 1101 1601 1141 partiuntur
1614 1111 1664 1142 pet
1673 1100 1823 1134 infinitam

339 1154 368 1180 δε
381 1147 496 1179 linitam
506 1157 654 1189 quantum
664 1146 699 1179 ad
710 1145 936 1178 multitudinem
946 1145 1104 1177 visibilium
1115 1143 1160 1177 seu
1170 1147 1316 1183 visorum,
1332 1143 1413 1176 ficuii
1424 1145 1453 1178 ὃ(
1462 1146 1576 1188 priores
1587 1169 1595 1183 ‚
1611 1148 1662 1190 qui
1679 1147 1825 1180 &ornnes

338 1191 499 1225 deastibus
509 1191 777 1235 correspondenter
788 1190 939 1224 habitibus
948 1192 1124 1234 opinantur.
1148 1189 1292 1233 Amplius
1306 1201 1405 1223 autem
1414 1189 1481 1223 suut
1491 1197 1520 1223 δι
1531 1192 1578 1228 alii
1596 1191 1760 1224 mediantes
1770 1195 1824 1237 qui

338 1239 452 1276 dicunt,
463 1238 546 1281 quod
556 1239 660 1269 omnia
671 1237 864 1280 incomplexa
873 1248 940 1279 quae
950 1236 1090 1268 videntur
1098 1237 1126 1267 in
1137 1235 1383 1274 vcrb0‚v1'dcniur
1394 1236 1611 1279 peripsummet
1621 1236 1827 1274 verbum,nul-

339 1284 366 1315 la
377 1294 519 1318 creatura,
529 1285 608 1316 nulla
617 1285 724 1325 specie,
734 1283 852 1320 habitu,
869 1281 917 1314 seu
927 1283 995 1313 netu
1006 1282 1156 1313 mediante
1165 1304 1174 1319 ‚
1192 1280 1264 1313 sicut
1274 1282 1383 1324 opinio
1394 1285 1486 1322 prima
1495 1282 1577 1320 dicit,
1586 1280 1827 1328 sedquaecunque
1842 1276 1871 1308 C

342 1329 502 1373 complexa
513 1340 564 1373 pei·
573 1340 733 1361 creatarum
744 1329 873 1371 aliquam
885 1327 1066 1360 mediantem
1077 1339 1084 1360 3
1103 1326 1173 1359 &lii
1190 1337 1221 1358 vt
1231 1329 1345 1371 priores
1353 1327 1735 1371 multipliciterseparantur.
1761 1330 1828 1362 Ad.

339 1375 398 1407 huc
406 1386 504 1408 autem
521 1375 706 1417 praeteristos
716 1374 897 1406 mediatores
909 1398 917 1410 ,
938 1376 1003 1405 sunt
1014 1380 1043 1406 Sc
1054 1372 1099 1409 alii
1112 1374 1246 1416 quiinter
1264 1374 1441 1416 posteriores
1458 1372 1548 1405 festas
1563 1373 1698 1416 satagunt
1716 1375 1826 1407 media.

341 1420 521 1458 re‚diccntes
534 1420 616 1462 quod
625 1420 946 1462 omniaincomplexa,
969 1431 1034 1462 quae
1044 1418 1218 1450 videntutin
1229 1417 1340 1458 verbo,
1356 1418 1494 1452 videntur
1510 1430 1563 1464 per
1579 1419 1678 1451 aetum
1695 1431 1827 1453 creatum

340 1466 475 1499 medium
485 1477 561 1498 inter
569 1477 730 1499 creaturam
740 1465 895 1498 videntem
905 1467 935 1499 ὅ(
944 1464 1081 1499 verbum.
1096 1475 1159 1495 non
1177 1474 1278 1496 tamen
1290 1476 1340 1507 per
1349 1464 1482 1508 aliquem
1493 1464 1629 1497 habitum
1638 1476 1688 1498 aut
1699 1466 1826 1509 speciem

341 1511 538 1547 mediantem,
550 1512 597 1545 sed
607 1514 703 1555 ipsum
712 1510 836 1543 verbum
846 1512 946 1544 omnis
958 1509 1130 1542 huiusmodi
1140 1511 1244 1553 speciei
1257 1516 1287 1543 8<
1295 1509 1411 1543 habitus
1421 1511 1515 1543 vicem
1526 1511 1659 1555 supplem
1669 1511 1828 1555 complexa

341 1569 452 1593 autem,
463 1557 843 1601 qtiaeibividentur‚dicunt
854 1556 1177 1590 videximediantetam
1185 1554 1292 1588 habitu
1306 1567 1394 1599 quam
1410 1557 1477 1589 actu
1493 1567 1593 1589 creato
1611 1568 1619 1588 ε
1644 1555 1760 1596 habitu,
1784 1559 1828 1590 in-

342 1614 446 1647 quam,
455 1614 558 1636 creato
566 1603 801 1636 medianteinter
809 1603 937 1635 verbum
948 1609 978 1635 &
987 1605 1088 1635 astum
1101 1600 1241 1642 videndi,
1257 1601 1287 1635 ἃ
1302 1604 1369 1634 astu
1378 1613 1478 1635 creato
1485 1602 1632 1636 mediante
1647 1604 1724 1634 inter
1732 1602 1828 1635 liuius-

341 1650 426 1681 modi
437 1649 572 1682 habitum
585 1655 614 1682 Sc
626 1650 794 1686 videntem,
805 1654 835 1680 δε
843 1659 967 1691 vtroque
978 1648 1127 1681 mediante
1136 1648 1210 1680 inter
1220 1647 1371 1680 videntem
1380 1648 1409 1683 ὅ(
1419 1647 1624 1691 verbum.Qii
1633 1653 1752 1691 insuper
1761 1660 1830 1681 om-

343 1706 407 1733 nes,
416 1695 485 1727 ficut
495 1696 623 1738 priores,
633 1693 751 1739 possunt
759 1695 919 1739 dupliciter
928 1693 1020 1727 diuidi
1036 1704 1182 1737 quantum
1192 1693 1228 1725 ad
1239 1704 1398 1726 numerum
1406 1691 1538 1726 visorum
1548 1696 1576 1726 in
1586 1692 1691 1731 verbo,
1700 1693 1828 1738 perinfi-

342 1751 404 1774 nita
414 1740 552 1774 videlicet
561 1745 590 1772 δι
601 1742 696 1774 finita.
721 1743 803 1784 Qus
813 1752 910 1773 autem
921 1741 1031 1772 horum
1041 1740 1207 1772 modorum
1218 1738 1250 1772 sit
1259 1750 1361 1773 verior
1371 1763 1380 1777 ‚
1402 1743 1432 1774 &
1448 1738 1668 1785 Philosophicae
1678 1751 1712 1772 ac
1722 1740 1830 1772 Theo-

342 1787 449 1828 logicae
459 1784 618 1830 disciplinae
628 1788 823 1823 concinnior,
831 1785 1030 1819 studiosorum
1039 1785 1199 1829 diligentiae
1207 1785 1415 1828 inquirendum
1433 1786 1588 1830 relinquo:
1607 1785 1667 1817 hoc
1676 1787 1756 1818 enim
1767 1787 1828 1818 for-

343 1830 425 1864 tassis
433 1834 489 1864 isto
498 1833 567 1864 loco
576 1835 788 1875 impertinens,
798 1833 845 1864 vel
855 1831 1010 1876 operosius
1019 1829 1177 1874 proposito
1192 1830 1337 1874 aliquibus
1346 1830 1492 1864 videretur
1500 1856 1509 1870 ,
1531 1832 1560 1866 ὃ(
1570 1843 1636 1875 quia
1645 1834 1682 1863 ad
1693 1833 1750 1863 alia
1761 1842 1827 1874 pro·
1844 1829 1875 1862 D

342 1888 416 1920 pero
427 1880 471 1909 via
479 1889 584 1922 coepta.
597 1877 699 1910 Primo
709 1889 809 1911 tamen
819 1889 940 1921 tangam
950 1877 997 1909 hic
1007 1876 1134 1909 breuiter
1143 1875 1362 1909 aduersantium
1372 1878 1501 1910 rationes
1513 1890 1520 1909 :
1530 1878 1606 1909 inter
1613 1889 1721 1910 omnes
1728 1888 1827 1910 autem

342 1934 475 1955 rationes
485 1935 591 1955 eorum
602 1924 667 1956 dua:
678 1922 742 1956 sunt
751 1923 857 1968 quibus
871 1922 1022 1967 potissime
1041 1925 1227 1960 innituntur3
1238 1933 1295 1954 vna
1308 1921 1596 1963 perdistinctionem,
1606 1924 1662 1955 alia
1673 1934 1724 1966 per
1733 1923 1828 1955 ncces-

343 1967 457 2001 sitatem
466 1969 643 2011 procedens.
668 1970 764 2002 Primti
775 1970 814 2001 cst
825 1969 889 2001 talis
908 1983 917 2007 3
935 1970 964 2000 Si
980 1968 1251 2001 creatutidistintta
1261 1967 1373 2001 videret
1383 1969 1412 2000 in
1425 1968 1518 2001 verbo
1530 1967 1744 2000 Antichristum
1755 1968 1828 2004 fore.

343 2026 394 2046 aut
406 2014 493 2058 quod
509 2014 708 2047 Antichristus
718 2018 882 2047 contrarius
894 2016 947 2045 erit
959 2014 1080 2046 Christo
1091 2038 1099 2051 ,
1119 2012 1179 2045 siue
1188 2013 1396 2057 quodcunque
1405 2014 1461 2045 tale
1469 2024 1572 2046 verum
1583 2014 1774 2057 complexum
1783 2013 1828 2045 di-

343 2062 446 2093 stintste
457 2059 570 2092 viderer
579 2071 712 2093 extrema
721 2061 785 2093 talis
795 2058 1007 2103 propositionis
1018 2059 1063 2091 seu
1074 2060 1133 2091 veri
1144 2058 1307 2102 complexi,
1324 2060 1354 2094 ὅ(
1365 2070 1427 2092 non
1437 2070 1489 2103 per
1496 2058 1624 2092 eundem
1633 2062 1745 2097 astum,
1757 2063 1829 2101 quia

344 2117 399 2149 per
408 2105 538 2138 cundem
549 2108 646 2138 astum
658 2105 775 2149 praecise
783 2116 966 2149 nequaquam
976 2105 1164 2148 distingueret
1172 2115 1221 2137 aut
1231 2104 1405 2138 discerneret
1415 2105 1490 2135 inter
1499 2104 1612 2144 illa‚illc
1620 2106 1828 2148 quoqueaftus

344 2149 412 2183 esset
421 2153 492 2193 pure
501 2151 684 2193 aequiuocus‚
694 2152 724 2185 ὃ(
733 2151 838 2183 eadem
850 2149 1018 2195 propositio
1029 2161 1096 2182 vera
1107 2157 1135 2183 Sc
1145 2149 1227 2186 falsa,
1236 2162 1305 2182 cum
1314 2151 1565 2188 inconucnientijs
1573 2151 1636 2188 aliis
1646 2161 1719 2192 quas
1728 2153 1828 2182 consc-

346 2207 473 2239 quenter
482 2207 516 2228 cx
527 2198 584 2227 illis
595 2197 680 2228 facile
690 2197 729 2228 est
745 2197 857 2229 videre.
882 2195 1021 2228 Secunda
1033 2197 1107 2228 ratio
1121 2206 1224 2227 eorum
1237 2196 1276 2228 cst
1286 2196 1351 2228 talis
1375 2210 1385 2234 ς
1408 2197 1605 2240 Siquicquam
1613 2194 1745 2228 futurum
1755 2207 1828 2228 con-

345 2243 466 2284 tingens
475 2241 656 2274 reiielarctur
666 2252 804 2273 creatutae
814 2242 842 2273 in
852 2240 945 2273 verbo
956 2241 1027 2273 illud
1044 2239 1203 2273 necessario
1214 2243 1344 2274 eueniret
1354 2266 1363 2279 ,
1379 2241 1462 2285 quod
1473 2252 1659 2285 arguuntper
1676 2240 1830 2273 huiusmo-

346 2287 376 2319 di
389 2289 537 2325 rationes,
556 2286 723 2319 cuiusmodi
737 2298 842 2319 contra
860 2285 1065 2329 responsiones
1075 2288 1187 2330 priores
1199 2287 1345 2329 superiora
1360 2286 1485 2330 capitula
1502 2287 1706 2320 adducebant.
1731 2287 1830 2320 Prima

345 2343 442 2364 autem
452 2334 529 2364 ratio
539 2343 601 2363 non
613 2331 760 2375 procedit.
779 2333 825 2366 Sic
832 2333 912 2364 enim
923 2332 1268 2375 poffcntarguere‚quod
1279 2333 1364 2364 Pater
1371 2343 1431 2365 non
1443 2329 1536 2375 posset
1544 2335 1574 2365 in
1586 2332 1681 2366 verbo
1690 2333 1777 2365 autin
1789 2333 1826 2363 cs-

346 2377 438 2410 sentia
449 2375 498 2409 sua
508 2378 576 2409 talia
587 2388 654 2409 vera
664 2379 825 2422 complexa
835 2377 946 2415 videte,
954 2389 1052 2421 neque
1059 2377 1134 2409 Filio
1141 2387 1189 2409 aut
1200 2378 1310 2410 Sanno
1320 2378 1441 2420 Spiritui
1454 2378 1594 2415 reuelare,
1604 2388 1706 2411 contra
1716 2379 1827 2410 sextum
1846 2379 1869 2410 Ε

346 2422 376 2455 ὃ(
387 2423 559 2466 septimum,
570 2423 720 2454 decimum
730 2427 872 2457 ostauum
880 2424 920 2459 ,ἃ
930 2423 1082 2455 decimum
1092 2433 1207 2455 nonum
1217 2423 1318 2465 primi,
1337 2434 1370 2454 ac
1381 2422 1560 2455 tricesimum
1569 2433 1710 2468 quartum
1720 2422 1826 2455 huius:

346 2469 434 2500 Deus
444 2469 534 2500 etiam
544 2480 579 2501 cx
590 2466 727 2500 vnissima
737 2469 765 2502 ὅ(
777 2468 984 2512 simplicisfima
994 2469 1041 2501 sed
1057 2466 1251 2501 infinitissima
1266 2467 1314 2500 sua
1329 2471 1437 2501 virtute
1452 2469 1780 2502 distinfflsstmecunsta
1788 2471 1828 2500 vi-

346 2513 408 2550 det,
419 2511 488 2545 sicut
500 2524 533 2545 ex
543 2512 672 2557 septimo
681 2516 770 2556 pruni
781 2525 879 2556 patet;
890 2515 957 2546 Cur
966 2511 1208 2557 ergosecundum
1221 2516 1360 2552 proximo
1370 2513 1456 2547 huius
1467 2513 1621 2557 praemissa,
1635 2514 1654 2546 fi
1664 2515 1735 2547 velit
1743 2516 1827 2546 mise-

346 2557 1033 2603 ricorditer,omnipotenter,licetineffabiliter
1047 2559 1280 2592 accommodare
1289 2559 1412 2592 oculum
1429 2559 1483 2592 suae
1499 2561 1613 2593 virtutis
1627 2571 1763 2593 creaturae
1774 2558 1828 2591 dis-

347 2602 452 2646 positae
464 2628 472 2641 ,
494 2616 556 2636 non
575 2605 674 2648 potest
689 2605 717 2638 ὅ(
735 2605 794 2647 ipsa
811 2605 912 2637 videre
931 2604 1060 2638 similiter
1070 2605 1309 2647 quoquomodo,
1324 2617 1385 2637 non
1397 2608 1633 2649 virtuteproptia
1644 2605 1690 2638 sed
1699 2605 1824 2637 diuina?

348 2650 469 2681 Nonne
477 2651 563 2682 etiam
573 2660 705 2681 creatura
714 2651 804 2683 sciens
812 2661 861 2683 aut
875 2650 997 2683 credens
1007 2653 1035 2683 in
1053 2656 1173 2693 proprio
1182 2662 1291 2694 genere
1299 2650 1474 2694 quodcunq;
1490 2652 1559 2682 veri'i
1568 2651 1742 2693 complexu,
1753 2651 1827 2694 qui-

346 2706 465 2738 cunque
476 2695 715 2736 propositionem
725 2706 853 2728 exrrema
864 2698 1076 2740 quantt‘icunq3
1086 2695 1196 2728 diuerfii
1205 2695 1399 2739 habent5,pet
1410 2699 1470 2729 vnt'i
1481 2696 1613 2740 fimplice
1623 2698 1722 2729 :tostum
1733 2695 1825 2727 scien-

346 2739 375 2771 di
386 2750 435 2770 :uit
446 2739 583 2772 credendi
594 2740 727 2772 liociacit
745 2747 754 2771 ἓ
772 2741 836 2774 Cur
846 2752 921 2785 ergo
931 2753 991 2774 non
1002 2741 1096 2785 porest
1116 2741 1243 2775 similiter
1258 2754 1308 2785 per
1321 2754 1414 2775 vnum
1431 2745 1529 2775 astum
1544 2741 1709 2788 fimpliccm
1726 2741 1827 2774 videre

346 2785 375 2815 in
386 2782 480 2816 verbo
491 2786 693 2828 Quodcunque
706 2797 811 2819 verum
821 2787 1029 2829 complexum,
1046 2785 1204 2830 pra-sertim
1214 2798 1281 2820 cum
1295 2786 1418 2820 verbum
1435 2787 1705 2830 incomparabiliter
1720 2785 1826 2829 [impli-

346 2830 407 2862 cius
415 2833 561 2874 exprimat
570 2832 741 2875 quodciinqz
753 2843 856 2865 verum
867 2832 1062 2876 complexum
1074 2844 1165 2876 quam
1175 2833 1273 2876 aliqua
1282 2833 1464 2877 propositio,
1478 2844 1574 2877 quam
1582 2834 1686 2877 aliquis
1696 2832 1828 2867 imbrus,

1734 2888 1825 2921 quam
