1985 3130
187 167 214 210 9
221 167 244 197 2
751 136 921 187 (shomae
941 132 1234 184 ‘Bradwardmi
1644 134 1690 183 L
1711 154 1725 182 1
1740 153 1818 185 im.

300 238 452 270 sulcitatos
461 232 607 278 quamdiu
618 231 746 265 voluerit
755 228 933 263 conseruare
941 229 972 261 in
981 230 1056 262 vita;
1070 225 1130 259 hoc
1141 227 1222 259 enirn
1232 228 1334 260 minus
1342 227 1458 261 videtur
1466 230 1558 273 quam
1569 229 1654 270 illud,
1670 230 1754 274 quod
1761 230 1792 265 ἃ
1817 226 1849 259 Α

302 284 398 327 potest
407 280 522 314 ostendi
534 290 564 312 vt
575 278 660 311 illud.

181 382 193 414 3
206 373 234 404 8.
361 371 475 404 Contra
489 359 680 412 Philofhphos
689 371 734 400 (7-
746 358 898 396 haereticos
911 366 1054 409 negantes
1066 356 1208 394 meritum
1224 355 1385 408 temPorale
1393 355 1474 410 pqffi’
1488 357 1707 398 rationabiliter
1718 370 1794 412 prae-

416 421 507 457 miari
509 419 633 469 praemio
634 416 829 466 sempiterno,
839 424 894 451 aut
899 422 1053 465 peccatum
1062 410 1309 464 temporalepoffe
1317 411 1500 465 iustc'puniri
1506 413 1593 464 poenci
1604 415 1723 454 aeternd.

309 506 563 578 COrrigcntur
573 502 756 547 rliilosophi
771 508 801 536 Sc
817 500 949 534 haeretici
964 499 1124 533 diffitentes
1142 501 1282 532 meritum
1299 500 1468 544 temporale
1481 502 1566 546 polle
1582 503 1798 537 rationabiliter

378 552 523 595 praemiari
531 552 658 593 praemio
669 546 864 592 sempiterno,
871 558 921 580 aut
930 556 1089 590 peccatum
1097 544 1267 589 temporale
1274 544 1357 589 poffe
1372 547 1444 579 iuste
1455 550 1553 590 puniri
1568 552 1664 592 poena
1677 550 1802 583 aeternft.

308 599 429 631 Nonne
438 597 538 628 homo
548 597 735 640 quandoque
743 591 963 627 rationabiliter
969 590 1086 624 confert
1096 602 1203 624 terram
1213 591 1370 623 autvillam
1381 589 1515 625 struitori
1524 592 1589 630 suo,
1603 601 1633 628 ει
1644 593 1700 629 suis
1714 596 1802 628 haere-

142 649 251 691 ”pollet
308 644 396 678 dibus
406 642 555 688 perpetuo
565 640 887 684 possidendam3&ita
896 637 1109 673 coiiierretilli,
1120 636 1140 668 si
1154 634 1286 680 perpetue>
1303 638 1414 670 viueret
1438 649 1495 681 pro
1512 638 1595 673 breui
1610 639 1666 673 suo
1684 643 1804 674 seruitio

142 701 275 731 perpetuo
311 688 468 733 temporali
480 696 488 719 ἓ
501 687 620 732 quanto
630 688 724 730 magis
734 685 817 718 decet
835 686 936 717 Deum
952 683 1066 717 summe
1083 682 1211 721 bonum,
1230 682 1367 720 diuitem,
1382 681 1535 716 liberalem
1551 686 1675 720 &omni
1691 689 1803 720 virtute

138 734 225 762 viuere
310 735 519 780 plenissimum
530 732 661 771 infinite,
669 731 741 764 sicut
751 734 847 775 prima
857 729 1045 774 Suppositio,
1054 740 1137 762 tertia
1146 735 1176 761 8<
1186 738 1292 773 quarta
1303 739 1401 772 partes
1409 729 1586 771 ostendunt,
1595 730 1805 766 seruitoressu-

310 793 345 813 os
357 792 412 824 pro
424 781 478 814 suo
487 778 605 812 seruitio
616 779 772 821 temporali
784 775 1108 819 similitervelamplius
1125 775 1278 818 praemiare
1296 780 1304 804 Ξ
1321 775 1440 807 Nonne
1457 777 1545 809 etiam
1555 779 1637 810 Deus
1649 779 1764 813 summe
1773 778 1805 811 li-
1832 786 1858 819 Β

312 826 419 860 betalis
429 826 459 860 ὃ(
467 825 565 857 bonus
574 822 668 867 poss'et
677 822 817 856 conferre
826 821 1039 855 rationabiliter
1048 821 1096 852 An
1101 821 1169 865 gelo
1179 820 1227 853 vel
1237 819 1354 852 homini
1363 818 1478 865 semper
1487 823 1617 860 victuro,
1628 823 1744 858 bonum
1752 824 1811 857 ali-

312 873 395 917 quod
408 873 637 916 sempiternum,
648 881 710 902 non
721 879 774 912 pro
784 868 885 911 aliquo
896 871 1004 901 merito
1014 865 1068 899 suo
1084 868 1195 911 priori,
1211 865 1260 899 led
1274 868 1346 909 pure
1364 865 1533 905 liberaliter,
1542 869 1616 912 pure
1626 871 1736 913 gratis?
1753 881 1806 903 cur

315 930 389 962 crgo
399 928 461 950 non
471 914 563 959 posset
570 915 646 948 bene
657 925 823 947 merentem
833 915 901 947 licet
910 912 1303 957 temporaliter-,zeternaliter
1311 913 1637 957 praemiarepraestrtim
1645 927 1711 948 cum
1721 917 1808 950 Deus

318 963 482 1007 quemlibet
494 963 627 1005 proemict
639 961 713 993 vlita
722 960 908 1003 condignum
918 958 1079 991 secundum
1090 964 1158 998 31⁸⁰
1167 968 1282 1001 partem
1294 965 1302 987 ἑ
1328 957 1470 1000 Amplius
1478 971 1579 993 autem
1588 960 1810 1005 decetquemli-

316 1009 368 1042 bet
384 1011 555 1041 Dominum
571 1007 712 1040 scientem
739 1011 769 1037 δε
795 1016 955 1050 potentem
973 1006 1122 1049 premiare
1143 1005 1302 1036 letuitores
1319 1002 1389 1035 suos
1403 1002 1569 1038 secundum
1583 1007 1758 1050 qualitatem
1776 1013 1808 1039 δε

318 1065 519 1098 quantitatem
531 1054 570 1087 sui
580 1052 689 1089 seruitij
700 1057 730 1083 sc
749 1053 859 1083 amoris
873 1063 881 1086 ;
891 1050 1013 1095 quilibet
1021 1061 1119 1082 autem
1130 1049 1258 1083 sentiens
1267 1051 1335 1081 Deo
1344 1049 1424 1082 reste
1433 1073 1444 1088 ‚
1454 1049 1493 1081 sic
1502 1050 1598 1095 diligit
1607 1063 1675 1085 eum
1683 1054 1713 1088 ὃ(
1722 1054 1805 1093 colit,

319 1101 402 1144 quod
414 1112 469 1142 pro
480 1110 719 1144 quantocunque
730 1097 814 1130 bono
824 1107 1095 1142 quantumcunque
1106 1094 1319 1133 durabili‚non
1329 1094 1497 1128 offenderet
1508 1108 1578 1129 eum
1587 1094 1711 1131 scienter
1720 1097 1811 1132 serui-

319 1158 394 1179 tium
407 1145 543 1178 debitum
554 1144 759 1177 ommittendo
772 1168 780 1181 ‚
797 1145 1015 1187 autquicquatn
1025 1144 1050 1174 ei
1060 1142 1220 1185 displicens
1235 1140 1472 1181 committendo,
1485 1140 1650 1175 secundum
1662 1150 1736 1184 30³¹¹¹
1745 1157 1812 1190 par.

319 1203 381 1224 tem
392 1191 491 1224 huius.
518 1192 634 1222 Nonne
643 1200 716 1233 crgo
724 1187 1002 1221 conuenientissime
1010 1187 1094 1220 decet
1103 1189 1205 1219 Deum
1215 1186 1329 1220 summe
1338 1185 1647 1226 scientem,&sumrne
1656 1201 1810 1232 potentem

318 1236 483 1282 rependere
493 1238 546 1269 suo
556 1235 727 1268 huiusmodi
736 1233 868 1267 seruitori
876 1234 999 1279 aliquod
1009 1231 1124 1265 bonurn
1136 1232 1413 1276 maius,&aliquod
1422 1235 1578 1276 praemium
1589 1236 1714 1278 amplius
1723 1235 1810 1269 bono

319 1284 350 1318 ὃ(
360 1284 486 1328 praemio
495 1281 631 1325 quolibet
642 1281 815 1324 temporali,
824 1279 943 1312 bonum
955 1286 985 1312 8(
995 1289 1154 1323 praemium
1164 1278 1302 1312 videlicet
1318 1277 1531 1322 sempiternum
1547 1286 1555 1309 Ξ
1582 1281 1619 1313 Et
1627 1281 1648 1314 si
1657 1284 1723 1325 quis
1733 1281 1813 1315 dixe-

319 1330 367 1367 rit,
376 1328 463 1373 qubd
473 1328 593 1361 bonitas
603 1327 742 1370 qiiaedam
750 1325 983 1371 inseparabiliter
990 1325 1176 1369 consequeris
1193 1328 1292 1358 astum
1300 1323 1416 1356 bonum
1426 1323 1593 1357 secundum
1603 1327 1749 1370 praemissa
1758 1331 1811 1360 cir·
1837 1334 1865 1365 C

321 1386 355 1405 ca
365 1386 380 1418 3
390 1385 399 1406 i
408 1382 443 1396 ³¹¹¹
457 1385 586 1418 partem,
598 1374 692 1416 porest
701 1384 758 1416 pro
764 1371 920 1406 sufficienti
929 1372 1053 1415 praemio
1061 1371 1204 1413 reputari,
1212 1370 1370 1413 quomodo
1381 1370 1577 1414 omnesleges
1585 1370 1661 1406 bene
1671 1375 1813 1406 merenti-

320 1419 437 1453 busalia
445 1422 718 1463 praemiaitatuiint,
729 1418 928 1461 &disponunt
946 1424 955 1447 Ξ
976 1417 1007 1450 Si
1017 1418 1107 1448 etiam
1122 1417 1205 1449 Deus
1219 1415 1295 1447 bene
1311 1426 1479 1449 merentem
1494 1428 1557 1448 non
1574 1418 1659 1451 aliter
1668 1422 1814 1462 praemiat,

321 1469 457 1510 praemiat
468 1477 537 1498 eum
556 1467 658 1509 parce,
668 1475 730 1497 non
740 1464 817 1496 vltra
827 1462 1026 1507 condignum,
1038 1472 1141 1494 contra
1156 1467 1230 1501 31²¹¹²
1241 1471 1365 1504 partem.
1392 1464 1578 1508 Quicunque
1587 1462 1703 1508 insuper
1713 1464 1815 1498 debite

323 1513 394 1544 colit
405 1513 506 1543 Deum
518 1510 682 1542 secundum
693 1510 866 1542 doetrinam
876 1519 927 1548 30.
936 1510 1023 1550 partis
1036 1507 1134 1543 huius,
1145 1518 1203 1550 pro
1220 1516 1455 1551 quantocunque
1469 1508 1672 1541 maioribono
1682 1513 1773 1554 quam
1783 1512 1815 1542 il.

322 1557 367 1594 lo,
378 1556 526 1602 nusquam
538 1567 608 1587 cum
618 1555 739 1588 scienter
747 1554 918 1587 offenderet
927 1554 989 1586 vllo
999 1553 1105 1586 modo.
1130 1553 1306 1593 Quomodo
1317 1563 1391 1595 ergo
1408 1553 1493 1586 decet
1510 1554 1614 1586 Deum
1624 1554 1740 1589 summe
1757 1567 1815 1601 po-

323 1609 490 1640 tentem‚&
501 1601 708 1644 copiosilsime·
724 1600 877 1633 liberalem
889 1625 897 1637 ‚
912 1610 1029 1633 tantum
1046 1598 1160 1631 cultum
1176 1599 1242 1632 talis
1258 1597 1302 1630 sui
1319 1600 1440 1632 cultoris
1449 1609 1510 1631 tam
1520 1600 1622 1644 parce,
1633 1611 1692 1634 tam
1703 1604 1811 1646 exigue

323 1649 482 1691 praemiarc
496 1655 504 1678 ?
518 1649 637 1679 Nonne
645 1648 676 1680 ὃ(
684 1646 783 1679 liomo
794 1645 893 1679 bonus
907 1646 938 1680 ὃ(
952 1656 1062 1689 porens
1079 1646 1235 1677 seruitores
1252 1643 1324 1676 suos
1338 1644 1466 1677 idoneos
1481 1646 1607 1688 amplius
1622 1647 1810 1690 praemi'abit?

323 1694 427 1726 Multo
436 1696 668 1726 conuenientius
678 1704 752 1736 ergo
762 1694 849 1725 Deus
857 1691 963 1723 melior
972 1690 1002 1724 ὅ(
1012 1693 1168 1734 potentior
1181 1689 1317 1735 quolibet
1327 1688 1453 1722 homine
1468 1690 1596 1724 infinite.
1619 1693 1758 1735 Amplius
1768 1706 1817 1727 au-

326 1749 387 1771 tem
398 1750 455 1782 pro
466 1749 698 1782 quamtacunque
708 1749 802 1780 poena
819 1737 920 1770 habita
935 1736 1123 1769 remouenda
1134 1761 1143 1776 ,
1157 1738 1206 1768 vel
1223 1746 1285 1768 non
1304 1734 1406 1769 habita
1417 1735 1611 1778 praecauenda
1621 1748 1684 1770 non
1695 1738 1817 1772 deberet

325 1787 392 1828 quis
405 1782 531 1817 scienter
541 1795 660 1827 peccare
671 1808 680 1822 ,
697 1793 777 1816 tanta
794 1794 889 1827 poena
907 1783 1004 1827 potest
1019 1784 1044 1814 ei
1061 1783 1134 1815 iuste
1151 1782 1271 1826 imponi
1290 1792 1348 1826 pro
1365 1792 1552 1825 quocunque
1562 1794 1689 1826 peccato
1697 1783 1816 1818 scienter

327 1827 501 1866 commisso,
511 1841 602 1873 quare
610 1836 639 1862 δε
650 1839 886 1872 quantacunque
894 1829 983 1860 ctiam
993 1828 1110 1861 infinita
1122 1827 1283 1860 secundum
1292 1826 1478 1860 durationem
1488 1839 1541 1871 per
1556 1833 1626 1870 30³¹¹¹
1638 1840 1749 1872 partem
1759 1830 1815 1862 hu-

326 1878 381 1908 ius.
400 1876 519 1908 Nonne
530 1882 559 1908 θε
570 1874 667 1908 homo
685 1886 739 1918 pro
755 1874 867 1907 delicto
877 1873 1034 1917 temporali
1051 1875 1080 1905 in
1098 1875 1263 1917 principem
1282 1872 1478 1916 temporalem
1494 1873 1655 1906 commisso
1671 1886 1816 1920 perpetuo
1837 1884 1870 1916 D

328 1923 436 1954 carceri
446 1920 684 1954 condemnatur?
697 1922 733 1952 Et
744 1918 762 1951 si
773 1916 867 1963 posset
877 1919 1055 1953 :eternaliter
1062 1921 1173 1954 viuere,
1192 1919 1371 1952 aeternaliter
1385 1921 1414 1951 in
1431 1930 1550 1952 carcere
1558 1922 1817 1964 puniretunamit.

330 1969 424 2010 titque
435 1978 541 1999 terram
552 1965 632 1999 suani
643 1966 690 1998 seu
704 1964 826 1998 lendum
836 1976 892 2008 pro
903 1967 930 1998 se
938 1965 968 2000 ὃ(
978 1964 1035 1998 suis
1045 1964 1211 1998 liaeredibus
1222 1966 1252 1998 in
1261 1976 1418 2002 aeternum,
1427 1964 1497 1998 ficut
1513 1972 1544 1999 &
1558 1967 1622 2009 quis
1629 1977 1686 2010 pto
1695 1977 1815 2010 tempo-

329 2013 383 2045 rali
394 2011 502 2045 delicto
512 2015 668 2045 conuictus
679 2014 708 2047 ts<
718 2012 934 2056 pronuntiatus
942 2011 1072 2044 falsarius
1083 2017 1113 2043 δε
1123 2013 1255 2054 periurus
1265 2035 1274 2048 ,
1284 2011 1315 2046 ὅ(
1323 2013 1362 2044 ita
1370 2010 1502 2049 infamis,
1510 2012 1540 2046 ὃ(
1549 2010 1570 2042 fi
1586 2012 1763 2045 aeternaliter
1772 2015 1815 2046 vi-

329 2068 425 2094 neret,
435 2069 490 2102 pro
499 2058 547 2090 tali
557 2056 914 2091 aeternaliterliaberetur.
929 2058 995 2090 Cur
1003 2068 1077 2101 ergo
1088 2068 1151 2089 non
1163 2055 1292 2089 {imiliter
1303 2055 1341 2089 de
1357 2056 1516 2100 temporali
1532 2055 1642 2090 delicto
1653 2057 1815 2092 commisso

329 2106 361 2136 in
372 2105 537 2147 principem
548 2102 699 2136 summum
708 2104 808 2135 Dcum
821 2110 828 2133 ?
841 2103 958 2136 Nonne
970 2110 1000 2137 sc
1011 2103 1155 2136 delie‘tum
1165 2101 1288 2135 scienter
1303 2101 1494 2134 commissum
1509 2103 1539 2134 in
1549 2101 1708 2146 personam
1717 2106 1816 2136 maio-

330 2160 408 2188 rem,
415 2161 483 2192 puta
492 2151 520 2180 in
529 2160 645 2192 patrem
656 2160 703 2182 aut
715 2151 891 2192 principem,
899 2151 1044 2182 maiori&
1053 2149 1233 2180 diuturniori
1244 2159 1339 2190 poena
1348 2149 1389 2180 est
1397 2147 1542 2190 dignum?
1554 2148 1673 2181 Nonne
1682 2160 1755 2193 ergo
1764 2149 1814 2183 de-

331 2195 436 2226 lictum
450 2196 570 2227 scienter
581 2193 771 2227 commissum
782 2197 811 2226 in
821 2196 920 2227 Deum
936 2206 1061 2227 omnem
1079 2194 1199 2227 Patrem
1215 2194 1246 2227 ὅ(
1261 2194 1434 2237 Principem
1450 2193 1817 2236 incomparabiliterexce-

332 2241 454 2273 dentem
466 2241 505 2272 est
514 2240 639 2284 dignum
649 2252 741 2283 poena
751 2242 859 2272 maiori
867 2239 1142 2284 incomparabiliter
1152 2240 1182 2274 ὃ(
1192 2249 1301 2271 aeterna
1321 2246 1330 2269 ὲ
1349 2241 1378 2272 Si
1389 2249 1522 2282 namque
1531 2239 1590 2271 tale
1599 2239 1744 2272 delictum
1753 2251 1817 2273 tan-

331 2298 396 2318 tum
405 2287 477 2317 ess‘ct
486 2286 612 2329 dignum
623 2298 716 2331 poeria
727 2286 885 2329 temporali
895 2285 988 2324 linita,
997 2296 1066 2329 puta
1077 2285 1187 2322 annali,
1198 2285 1293 2327 pollet
1310 2291 1341 2318 8<
1358 2283 1452 2316 fimile
1467 2284 1610 2317 delictum
1626 2285 1817 2319 commissum

330 2334 362 2364 in
373 2330 529 2374 personam
540 2335 682 2365 maiorem
693 2344 743 2375 pei·
751 2334 1028 2373 augmentationem
1039 2329 1171 2374 personae
1181 2330 1298 2363 finitam
1308 2342 1343 2363 aii
1348 2331 1422 2374 geri,
1430 2329 1527 2363 donec
1535 2328 1602 2363 ess'et
1612 2331 1739 2375 dignum
1748 2342 1817 2375 poe-

333 2389 370 2409 na
380 2377 500 2421 sequali‚
513 2377 617 2410 imo&
629 2379 746 2411 maiori.
763 2376 876 2410 Adhuc
890 2388 992 2409 autem
1006 2389 1076 2408 cum
1095 2379 1160 2419 quis
1175 2387 1230 2420 pro
1245 2387 1371 2420 peccato
1395 2374 1449 2407 suo
1462 2386 1567 2408 contra
1576 2378 1678 2409 Deum
1694 2375 1816 2410 scienter

333 2422 496 2454 cominillo
507 2424 635 2455 mittitur
646 2425 674 2455 iii
686 2433 834 2455 carcerem
845 2429 875 2456 8(
885 2433 1020 2467 strenam,
1031 2433 1221 2465 nequaquam
1230 2422 1301 2454 iuste
1312 2421 1481 2455 liberandus
1491 2423 1620 2461 videtur,
1630 2421 1729 2455 donec
1737 2423 1818 2454 satis-
1844 2440 1870 2473 E

334 2469 435 2499 fecerit
446 2479 502 2511 pro
511 2468 680 2502 commisso.
704 2467 761 2500 Sed
771 2468 930 2512 quomodo
939 2471 1033 2512 potest
1043 2470 1120 2513 quis,
1135 2468 1156 2500 fi
1171 2466 1314 2511 exquisite
1333 2468 1364 2502 ὅ(
1377 2465 1512 2509 rigorose
1523 2477 1627 2510 agatur
1637 2478 1706 2500 cum
1716 2478 1764 2504 eo,
1773 2468 1815 2501 fii-

335 2513 466 2545 tisiaccte
475 2515 546 2545 Deo
557 2525 614 2556 pro
623 2525 803 2556 quocunque
811 2524 935 2556 peccato
947 2513 1107 2547 scienterin
1117 2524 1186 2545 eum
1195 2510 1436 2551 commissorum
1444 2511 1607 2545 secundum
1619 2519 1690 2554 30³¹¹²
1701 2523 1817 2556 partem

336 2558 453 2591 nullum
463 2570 615 2602 peccatum
627 2558 746 2591 deberet
755 2558 874 2592 scienter
884 2561 1030 2593 committi
1039 2562 1068 2592 in
1078 2560 1191 2597 Deum,
1200 2556 1499 2602 proquantiscunque
1508 2558 1597 2589 bonis
1606 2558 1755 2591 [eruendis
1767 2556 1818 2597 ,fi-

335 2616 371 2636 υς
381 2604 540 2641 lucrandis,
552 2603 845 2648 autquantiscunque
855 2605 940 2637 malis
958 2604 1066 2638 habitis
1083 2603 1259 2641 amouetkdis
1272 2629 1280 2640 ‚
1297 2603 1355 2637 fiue
1370 2614 1431 2636 non
1444 2603 1552 2637 habitis
1567 2604 1817 2646 praecaucndi3,&

333 2647 496 2682 satisfacere
505 2662 560 2691 pro
573 2662 692 2691 peccato
703 2675 712 2688 ‚
722 2648 753 2681 fit
771 2650 894 2683 reddere
912 2661 1028 2683 tantum
1044 2649 1091 2681 vel
1107 2652 1214 2688 maius,
1229 2661 1284 2692 pro
1293 2659 1405 2693 quanto
1414 2660 1570 2693 peccatum
1582 2660 1647 2680 non
1655 2649 1758 2682 debuit
1768 2650 1816 2680 fu-

333 2693 383 2727 isse
398 2696 588 2728 commiffiim
604 2720 613 2733 ,
638 2694 708 2728 sicut
722 2695 850 2729 ostenfio
869 2695 1025 2739 trigesima:
1045 2695 1179 2727 teciindae
1195 2697 1284 2738 partis
1300 2693 1387 2726 fusius
1408 2706 1442 2728 ac
1465 2695 1580 2738 plenius
1598 2694 1740 2737 arguebat
1753 2695 1815 2726 3Si-

333 2742 401 2784 quis
411 2751 509 2773 autem
521 2741 640 2779 dixerit,
650 2740 738 2785 quod
757 2742 933 2785 impotentia
951 2740 1145 2773 satisfaciendi
1163 2742 1260 2785 ipsum
1277 2742 1409 2776 excusat,
1420 2739 1638 2773 contradicetur
1648 2741 1674 2771 ei
1684 2751 1734 2783 per
1742 2751 1816 2784 prae-

333 2784 417 2817 miss'a
425 2788 501 2818 circa
521 2794 599 2827 32³¹¹¹
617 2798 730 2828 partem
742 2787 836 2819 illius:
860 2787 1032 2820 Secundum
1045 2786 1103 2819 hoc
1113 2788 1202 2819 etiam
1212 2786 1371 2822 Videretur,
1380 2785 1465 2829 quod
1476 2787 1575 2817 omnis
1585 2785 1815 2829 peccator‚dum

332 2842 446 2875 peccat,
457 2835 644 2865 excusaretur
654 2844 708 2876 pcr
718 2833 932 2877 impotentiam
942 2844 1005 2866 non
1014 2831 1169 2877 peccandi.
1186 2833 1264 2865 Non
1273 2833 1352 2864 enim
1361 2831 1457 2876 petest
1466 2841 1600 2874 protunc
1609 2842 1672 2864 non
1681 2841 1815 2908 peccasred,

1775 2888 1791 2910 e
