1985 3130
213 177 276 222 79
286 174 317 210 4,
822 149 988 200 ‘Thomae
1004 146 1290 198 Bradwardini
1719 148 1760 197 L
1772 167 1786 197 1
1799 167 1865 216 13.3

330 249 513 281 Michaelcm
537 259 600 279 non
619 244 675 279 effe
700 258 779 279 nunc
800 254 914 277 certum
935 243 972 276 de
989 242 1169 276 beatitudine
1187 242 1235 275 sua
1253 241 1347 274 futura
1369 257 1379 281 3
1403 242 1467 275 imo
1481 242 1563 286 quod
1578 242 1694 277 videtur
1708 243 1807 277 absur-
1833 244 1863 276 A

329 296 416 333 dius,
446 307 499 327 nec
524 304 688 339 praetertta,
715 305 769 325 nec
784 288 915 334 ptaesenti
941 302 949 322 :
980 288 1054 321 Haec
1077 291 1156 321 enim
1175 287 1324 330 dependet
1341 298 1377 319 ex
1401 299 1462 321 vno
1484 292 1620 328 incerto,
1645 291 1713 334 quia
1735 302 1808 324 con—

329 352 477 384 tingenter
493 347 592 372 tuturo
614 351 623 373 3
645 349 736 382 quare
753 347 807 369 nec
831 347 911 368 nunc
927 335 986 374 est,
1014 345 1069 367 nec
1085 345 1219 377 vnquam
1237 333 1291 366 fuit
1313 332 1434 373 beatus,
1458 345 1490 367 vt
1513 345 1591 378 patet
1614 346 1650 367 ex
1673 338 1751 379 prius
1773 348 1808 368 o-

328 386 426 420 stenlis
439 385 586 419 tricclimo
603 395 709 428 quarto
725 383 819 416 huius.
845 382 1047 424 Consequitur
1061 382 1151 412 etiam
1167 389 1203 411 cx
1218 378 1328 411 eodem
1340 402 1348 415 ‚
1373 379 1457 422 quod
1474 380 1507 413 fit
1523 383 1551 412 in
1568 384 1708 424 potestate
1730 383 1809 415 Pau-

328 433 347 464 li'
367 432 461 465 miseri
481 442 624 476 peregrum
640 432 670 462 in
687 439 761 461 terra
785 427 940 460 detrahere
964 425 1130 458 Michalem
1153 422 1358 458 faelicissimum
1381 427 1479 457 ciuem
1503 428 1532 458 in
1550 426 1631 458 coelo
1648 428 1664 459 ὲ
1688 426 1808 461 beatitu-

328 479 398 510 dine
419 477 467 510 sua
492 476 605 509 summa
628 475 665 508 acl
686 476 777 507 imam
804 472 951 505 miseriam
970 495 978 508 ‚
1012 474 1080 516 quia
1102 470 1196 513 ipsum
1221 470 1429 514 praestigiando
1449 472 1585 516 decipere
1608 475 1729 516 turpiter
1758 485 1808 506 to—

328 534 357 556 ta
381 523 427 555 die
453 536 461 556 ε
489 523 556 554 lmo
574 520 657 565 quod
682 521 800 563 grauius
824 519 863 551 est
886 520 915 552 6(
936 529 1017 562 peius
1040 517 1166 559 sequitur
1189 527 1267 548 nunc
1288 519 1346 549 elle
1369 516 1527 559 possibile,
1548 525 1578 551 δε
1594 530 1628 550 ex
1651 520 1808 552 voluntate

330 569 412 601 Pauli
431 568 559 613 pendere
577 566 756 598 Micliaelem
766 576 846 596 nunc
857 575 992 607 peccare.
1019 564 1049 597 ἃ
1067 564 1146 606 prius
1162 562 1301 606 peccaffe.
1331 562 1552 597 Ponaturenim
1570 565 1649 597 iuxta
1668 567 1810 599 autorita-

332 624 375 646 tes
385 614 421 646 de
437 613 553 646 orando
569 614 598 646 ὅ(
614 612 709 645 modo
723 611 830 643 orandi
847 607 1005 653 praemiffas
1022 608 1162 641 vicesimo
1180 608 1268 639 tertio
1284 609 1314 642 ὃ(
1334 608 1475 642 vicelimo
1491 610 1600 654 quinto
1617 611 1722 652 primi,
1744 611 1809 643 Mi-

331 660 463 692 cliaelem
481 656 616 701 recepisse
632 657 802 690 mandatum
820 668 847 688 in
864 657 984 698 proprio
1002 665 1117 697 genere,
1131 654 1214 697 quod
1228 665 1364 689 omnem,
1389 658 1419 689 &
1434 655 1528 688 solum
1545 655 1692 688 ostensum
1708 655 1761 688 fibi
1776 656 1808 690 &

331 706 425 738 visum
443 703 613 737 [iuuandum
632 706 660 736 in
679 704 800 746 proprio
817 712 923 744 genere
939 701 968 734 ὃ(
984 701 1012 731 in
1031 699 1124 733 verbo
1144 700 1212 731 velit
1228 697 1345 734 saluari,
1360 702 1498 743 iuuetqtie
1510 698 1700 746 obsequiis&
1718 701 1806 735 bene·
1839 717 1864 749 Β

332 751 408 788 ficiis
425 750 519 782 solum
536 750 625 781 talem
645 762 654 786 3
678 747 907 789 ostendatutque
922 745 972 778 sibi
988 748 1016 776 in
1035 746 1159 788 proprio
1177 755 1284 788 genere
1300 746 1330 779 δέ
1351 746 1379 776 iu
1398 746 1492 779 verbo
1508 746 1632 778 Paulum
1648 746 1745 780 adhuc
1759 759 1806 791 pe-

332 807 484 840 regrinum
504 794 688 831 saluandum,
709 794 840 837 velitque
853 792 1009 824 volutione
1023 792 1052 822 in
1071 792 1195 834 proprio
1206 801 1312 833 genere
1325 792 1421 833 ipsum
1440 791 1556 830 saluari,
1583 790 1808 838 obsequiaque-

334 854 392 886 que
410 854 442 875 ac
464 840 604 875 benc-ficta
619 844 645 872 ei
662 840 776 882 praestet
796 852 803 870 :
829 838 938 883 quibu-3
954 835 1096 869 omnbus
1113 838 1152 868 ita
1168 834 1252 869 fastis
1273 835 1371 868 adhuc
1387 836 1426 868 est
1448 837 1587 879 possibile
1600 837 1724 871 Paulum
1743 850 1807 871 non

336 889 459 924 saluari3
484 898 576 931 quare
592 893 621 919 ἐι
637 885 820 917 Micliaelem
838 881 966 928 peccasse
979 881 1114 914 volendo
1130 882 1225 924 ipsum
1242 881 1358 919 saluari,
1376 883 1405 917 ὅ(
1424 881 1565 916 beneficia
1576 881 1627 915 fibi
1644 884 1808 926 praestando

333 945 438 968 contra
447 933 621 966 mandatum
631 931 766 964 diuinum
777 944 784 967 ς
795 940 864 962 cum
877 928 908 961 lit
924 927 1061 969 possibile
1075 926 1168 971 ipsum
1187 939 1249 959 non
1260 927 1498 962 vidisse-Paulum
1513 929 1686 962 saluandum
1701 931 1809 973 inpro-

335 982 401 1024 prio
417 990 524 1022 genere
541 985 570 1011 ὅ(
587 980 615 1009 ἰη
633 976 728 1009 verlio
741 1002 748 1013 ,
764 978 827 1008 imo
844 972 945 1007 vidisse
959 973 1131 1017 oppolitum
1147 972 1233 1005 huius
1249 984 1278 1004 in
1296 972 1389 1005 veibo
1400 998 1408 1011 ,
1423 973 1565 1008 &hocin
1585 977 1707 1018 proprio
1721 986 1810 1018 gene·

334 1038 364 1058 rc
378 1037 441 1058 non
457 1024 575 1060 Vidisse,
600 1034 668 1056 cum
689 1022 793 1055 falsum
810 1022 975 1054 nullatenus
993 1018 1147 1055 videatur,
1164 1018 1233 1051 sicut
1249 1030 1302 1051 nec
1317 1017 1413 1052 scitur.
1449 1020 1582 1052 Ponatur
1597 1022 1685 1052 etiam
1705 1020 1810 1053 consc—

334 1069 503 1114 queuterad
522 1069 609 1107 istud,
619 1069 701 1113 quod
718 1064 1063 1100 Michaelconfortando
1079 1064 1203 1097 Paulum
1220 1074 1356 1107 appareat
1366 1067 1407 1103 ei,
1429 1071 1459 1097 &
1476 1065 1570 1104 dicat,
1588 1066 1739 1099 Gaudium
1755 1066 1808 1100 tibi·

336 1118 450 1159 semper
468 1115 518 1153 lit,
543 1117 611 1158 quia
626 1125 656 1146 tu
675 1126 706 1147 es
715 1114 751 1146 de
767 1123 893 1144 numero
908 1110 1119 1144 saluandorum
1140 1121 1148 1143 3
1171 1109 1269 1142 adhuc
1282 1121 1380 1142 autem
1399 1111 1439 1142 est
1456 1110 1594 1153 possibile
1610 1111 1732 1144 Paulum
1750 1124 1805 1155 pro

336 1174 417 1195 nuuc
426 1172 487 1194 non
497 1159 552 1192 else
569 1160 757 1198 saluandum,
767 1158 814 1190 sed
825 1156 1032 1190 damnandum
1043 1171 1052 1195 3
1063 1155 1093 1189 ὅ(
1111 1156 1292 1188 Michaelem
1303 1155 1363 1188 hoc
1376 1167 1453 1188 nunc
1467 1156 1563 1189 videre
1578 1158 1608 1189 in
1625 1157 1810 1201 verbo,qua-

336 1219 367 1240 re
384 1210 414 1242 ὁ(
431 1218 535 1239 contra
552 1216 686 1238 mentem
703 1205 776 1238 istud
795 1205 955 1236 asserere&
969 1203 1086 1234 mentiri
1103 1199 1184 1239 3effe
1200 1212 1324 1244 quoquc
1339 1201 1489 1245 Angelum
1506 1203 1638 1241 Satanae,
1659 1203 1676 1234 ὲ
1692 1206 1811 1236 veritate

336 1254 530 1296 Apollatam,
553 1263 587 1282 ac
603 1254 631 1283 in
650 1252 798 1296 prreterito
813 1250 853 1282 fic
869 1247 958 1282 fuisse.
1001 1248 1148 1280 Praeterea
1165 1248 1295 1290 sequitur
1319 1247 1496 1280 Micliaelem
1515 1247 1598 1290 poffe
1613 1247 1732 1281 credere
1747 1249 1809 1281 duo

337 1298 568 1331 conrrzidietoria
585 1298 670 1341 plane
685 1296 788 1333 simul,
804 1305 910 1328 contra
925 1294 1099 1338 praeosteusa
1118 1291 1346 1336 quadragesimo
1360 1292 1489 1326 secundo
1506 1294 1595 1327 istius.
1628 1294 1809 1328 Nunccnim
1831 1276 1861 1309 C

338 1344 431 1376 credit
456 1355 485 1374 in
508 1344 633 1385 proprio
651 1353 758 1386 genere
781 1342 904 1374 Paulum
921 1340 977 1371 effe
991 1338 1163 1371 saltiandum
1178 1363 1187 1377 3
1211 1338 1241 1371 ἃ
1258 1338 1371 1371 neceffe
1387 1338 1425 1370 est
1444 1349 1511 1371 eum
1528 1338 1646 1372 credere
1661 1350 1717 1383 pro
1733 1351 1812 1373 nunc

336 1392 392 1425 ita,
409 1391 437 1424 ὅ(
455 1388 591 1432 possibile
608 1390 647 1421 est
665 1399 733 1421 eum
751 1398 805 1431 pro
822 1396 902 1419 nunc
919 1385 1017 1418 videre
1031 1382 1205 1427 oppositum
1224 1385 1284 1416 eius
1298 1396 1327 1416 in
1343 1383 1436 1417 verbo
1449 1406 1456 1420 ,
1472 1385 1538 1428 quia
1553 1383 1740 1427 possibileest
1755 1398 1812 1429 pro

338 1446 417 1467 nunc
431 1434 607 1478 oppositum
624 1433 681 1466 effe
697 1445 801 1466 verum
814 1457 821 1468 ‚
843 1437 873 1467 &
889 1432 1037 1464 ostensum
1061 1428 1113 1462 fibi
1130 1432 1160 1462 in
1177 1428 1281 1462 verbo.
1318 1430 1460 1473 Amplius
1476 1439 1574 1462 autem
1593 1430 1612 1462 fi
1626 1429 1763 1474 possibile
1779 1430 1812 1464 sit

338 1480 462 1512 Paulum
481 1491 542 1511 nou
559 1478 678 1515 saluari,
703 1478 839 1522 possibile
857 1479 896 1509 est
912 1475 1090 1508 Micliaelern
1114 1486 1178 1507 non
1196 1472 1307 1507 sciuisse
1322 1475 1562 1508 certitudinaliter
1575 1477 1605 1507 in
1623 1477 1746 1520 proprio
1761 1488 1812 1520 ge-

338 1537 406 1559 nere
422 1524 518 1569 ipsum
535 1524 617 1557 fuiffe
629 1524 802 1558 minandum
818 1538 828 1562 3
846 1533 936 1567 quare
952 1532 1006 1554 nec
1015 1519 1139 1553 voluisse
1155 1522 1184 1552 iri
1195 1522 1317 1564 proprio
1331 1532 1437 1564 genere
1450 1519 1545 1563 ipsum
1561 1522 1615 1554 elle
1625 1521 1812 1562 saltiandum,

338 1582 395 1604 nec
407 1573 431 1603 ei
448 1570 591 1603 beneficia
609 1568 784 1615 praestitisse,
807 1573 876 1613 quia
891 1567 953 1599 haec
961 1576 1037 1600 certa
1052 1564 1127 1598 visio
1144 1566 1199 1598 fuit
1216 1565 1302 1598 causa
1317 1578 1406 1609 quare
1422 1567 1515 1598 voluit
1532 1565 1594 1598 liaec
1611 1574 1641 1600 δι
1657 1567 1724 1599 fecit
1740 1566 1813 1603 ficut

157 1617 169 1655 Η
185 1615 315 1646 ostensum
340 1616 417 1650 &de
434 1614 547 1649 visione
563 1617 592 1648 i'n
609 1615 703 1648 verbo
721 1615 869 1647 tricesimo
886 1614 974 1646 tertio
999 1611 1088 1644 huius
1105 1612 1135 1645 ὅ(
1153 1609 1342 1656 sequentibus
1365 1612 1500 1654 capitulis
1523 1611 1636 1653 plenius
1648 1612 1686 1645 est
1703 1611 1716 1638 ΙΙ
1732 1624 1814 1657 argu-

340 1672 413 1694 tum.
438 1661 609 1694 Secundum
625 1661 700 1693 istud
717 1660 845 1693 similiter
859 1659 956 1704 potest
973 1655 1098 1702 quilibet
1114 1655 1199 1690 miser
1213 1656 1322 1690 inferre
1336 1657 1475 1690 facillime
1492 1667 1551 1690 tota
1566 1657 1612 1691 die
1628 1659 1814 1694 faustissimis

340 1708 369 1740 ὃ(
386 1707 559 1739 beatissimis
576 1706 701 1749 Angelis
717 1715 934 1738 nocumentum
945 1708 1109 1747 &poenam
1127 1700 1186 1734 sine
1195 1702 1280 1746 culpa
1288 1702 1387 1746 aliqua
1402 1701 1689 1748 praecedente,quod
1699 1703 1814 1738 videtur

341 1755 371 1784 in
390 1763 493 1784 eorum
519 1751 665 1785 miseriam
687 1752 717 1785 &
734 1754 764 1784 in
780 1753 836 1785 Dei
856 1751 991 1783 iniuriam
1013 1747 1198 1788 redundare.
1224 1748 1294 1781 sicut
1312 1748 1459 1782 tricefimo
1475 1750 1561 1782 tertio
1575 1748 1663 1781 huius
1680 1748 1814 1784 diffusius

341 1796 572 1830 monstrabatur.

814 2114 862 2162 C
899 2115 946 2163 A
972 2115 1017 2162 P.
1093 2110 1343 2165 XLVII.

417 2239 562 2307 Contra
571 2235 769 2286 eandem-2
789 2240 1000 2307 opinionem
1029 2247 1088 2292 (φ
1108 2236 1320 2306 hypothefin
1339 2253 1413 2305 per
1425 2232 1586 2283 eandem
1607 2238 1716 2284 viam
1734 2234 1816 2285 ded

475 2312 584 2374 puris
598 2305 831 2356 hominibus.

1832 2373 1858 2405 F.

712 2492 782 2525 Vnc
803 2504 902 2527 autem
927 2494 992 2537 post
1019 2492 1159 2536 Angelos
1179 2492 1217 2525 ad
1241 2492 1382 2526 homines
1401 2491 1595 2527 veniendum.
1644 2491 1696 2523 De
1717 2489 1817 2522 homi-

745 2538 832 2571 nibus
848 2538 990 2583 siquidem
1005 2551 1062 2584 pro
1078 2540 1149 2571 statu
1164 2540 1343 2571 innocentiae
1359 2561 1367 2574 ‚
1393 2539 1423 2573 ὅ(
1439 2550 1494 2581 pro
1509 2538 1582 2569 statu
1598 2535 1701 2580 gloriae
1719 2535 1816 2578 potest

673 2592 685 2604 Ν
744 2583 874 2617 similiter
894 2587 993 2628 argui,
1017 2584 1089 2617 sicut
1103 2584 1141 2616 de
1157 2583 1281 2628 Angelis
1295 2586 1439 2628 proximo
1454 2585 1494 2616 est
1508 2593 1656 2626 argutum.
1689 2578 1817 2613 Rutfiim

745 2640 850 2662 omnes
865 2629 955 2663 fausti
968 2631 1056 2663 etiam
1071 2632 1157 2673 virgo
1173 2628 1259 2661 beata
1271 2652 1278 2664 .
1307 2639 1376 2663 ante
1389 2630 1560 2672 passionem
1570 2624 1754 2660 salutiferam.
1777 2624 1818 2658 Ie-

745 2676 775 2707 su
792 2674 902 2708 Christi
919 2687 1002 2709 erant
1016 2674 1171 2714 mundati,
1192 2675 1222 2709 ὅ(
1238 2674 1335 2707 saluam·
1350 2674 1380 2707 in
1398 2674 1458 2708 fide
1475 2678 1505 2706 δι
1521 2675 1627 2706 virtute
1641 2672 1716 2704 illius
1734 2668 1818 2714 passi-

745 2721 811 2752 onis
841 2717 964 2760 fiuurae,
999 2719 1066 2764 ipfis
1097 2719 1332 2764 quodammodo
1363 2724 1391 2752 in
1421 2720 1544 2763 proprio
1575 2728 1683 2762 genere
1709 2715 1817 2748 reuela-

745 2775 781 2797 tae
815 2777 824 2798 ε
856 2765 925 2810 Ipse
944 2776 1073 2811 namque
1100 2765 1173 2809 lapis
1196 2764 1346 2810 angularis
1374 2764 1521 2807 effeetus,
1559 2762 1697 2797 tunsione
1718 2761 1819 2838 multi·

1749 2816 1818 2852 pici
