<?xml version="1.0" encoding="UTF-8"?>
<!DOCTYPE html PUBLIC "-//W3C//DTD XHTML 1.0 Transitional//EN"
    "http://www.w3.org/TR/xhtml1/DTD/xhtml1-transitional.dtd">
<html xmlns="http://www.w3.org/1999/xhtml" xml:lang="en" lang="en">
 <head>
  <title>
</title>
<meta http-equiv="Content-Type" content="text/html;charset=utf-8" />
  <meta name='ocr-system' content='tesseract 3.04.00' />
  <meta name='ocr-capabilities' content='ocr_page ocr_carea ocr_par ocr_line ocrx_word'/>
</head>
<body>
  <div class='ocr_page' id='page_1' title='image "./decausadeicontra00braduoft_0796.png"; bbox 0 0 1985 3130; ppageno 0'>
   <div class='ocr_carea' id='block_1_1' title="bbox 798 170 1832 306">
    <p class='ocr_par' dir='ltr' id='par_1_1' title="bbox 798 170 1832 306">
     <span class='ocr_line' id='line_1_1' title="bbox 798 170 1801 237; baseline -0.001 -15"><span class='ocrx_word' id='word_1_1' title='bbox 798 173 968 223; x_wconf 76' lang='lat' dir='ltr'>‘Thomae</span> <span class='ocrx_word' id='word_1_2' title='bbox 987 170 1280 221; x_wconf 64' lang='lat' dir='ltr'>Bradwardini</span> <span class='ocrx_word' id='word_1_3' title='bbox 1626 170 1695 222; x_wconf 84' lang='lat' dir='ltr'>Li</span> <span class='ocrx_word' id='word_1_4' title='bbox 1711 189 1801 237; x_wconf 79' lang='lat' dir='ltr'>n.3.</span> 
     </span>
     <span class='ocr_line' id='line_1_2' title="bbox 1802 274 1832 306; baseline 0 0"><span class='ocrx_word' id='word_1_5' title='bbox 1802 274 1832 306; x_wconf 86' lang='lat' dir='ltr'>A</span> 
     </span>
    </p>
   </div>
   <div class='ocr_carea' id='block_1_2' title="bbox 419 300 1786 317">
    <p class='ocr_par' dir='ltr' id='par_1_2' title="bbox 419 300 1786 317">
     <span class='ocr_line' id='line_1_3' title="bbox 419 300 1786 317; baseline 0 2813"><span class='ocrx_word' id='word_1_6' title='bbox 419 300 1786 317; x_wconf 95' lang='lat' dir='ltr'> </span> 
     </span>
    </p>
   </div>
   <div class='ocr_carea' id='block_1_3' title="bbox 411 347 1693 517">
    <p class='ocr_par' dir='ltr' id='par_1_3' title="bbox 411 347 1693 517">
     <span class='ocr_line' id='line_1_4' title="bbox 795 347 1307 401; baseline -0.006 0"><span class='ocrx_word' id='word_1_7' title='bbox 795 350 846 401; x_wconf 88' lang='lat' dir='ltr'>C</span> <span class='ocrx_word' id='word_1_8' title='bbox 869 351 919 400; x_wconf 85' lang='lat' dir='ltr'>A</span> <span class='ocrx_word' id='word_1_9' title='bbox 944 349 996 399; x_wconf 89' lang='lat' dir='ltr'>P.</span> <span class='ocrx_word' id='word_1_10' title='bbox 1055 349 1102 398; x_wconf 92' lang='lat' dir='ltr'>X</span> <span class='ocrx_word' id='word_1_11' title='bbox 1114 348 1162 397; x_wconf 94' lang='lat' dir='ltr'>X</span> <span class='ocrx_word' id='word_1_12' title='bbox 1174 348 1222 397; x_wconf 91' lang='lat' dir='ltr'>X</span> <span class='ocrx_word' id='word_1_13' title='bbox 1238 347 1256 396; x_wconf 88' lang='lat' dir='ltr'>I</span> <span class='ocrx_word' id='word_1_14' title='bbox 1275 348 1307 398; x_wconf 82' lang='grc' dir='ltr'>Ι.</span> 
     </span>
     <span class='ocr_line' id='line_1_5' title="bbox 411 425 1693 517; baseline -0.006 -30"><span class='ocrx_word' id='word_1_15' title='bbox 411 437 589 517; x_wconf 53' lang='lat' dir='ltr'>Qducit</span> <span class='ocrx_word' id='word_1_16' title='bbox 600 454 674 485; x_wconf 80' lang='lat' dir='ltr'>ean</span> <span class='ocrx_word' id='word_1_17' title='bbox 679 435 764 483; x_wconf 87' lang='lat' dir='ltr'>dem</span> <span class='ocrx_word' id='word_1_18' title='bbox 768 447 839 500; x_wconf 87' lang='lat' dir='ltr'>per</span> <span class='ocrx_word' id='word_1_19' title='bbox 847 435 956 479; x_wconf 64' lang='lat' dir='ltr'>viam</span> <span class='ocrx_word' id='word_1_20' title='bbox 969 427 1303 478; x_wconf 72' lang='lat' dir='ltr'><em>immutabilitatis</em></span> <span class='ocrx_word' id='word_1_21' title='bbox 1312 425 1523 476; x_wconf 62' lang='lat' dir='ltr'>voluntatis</span> <span class='ocrx_word' id='word_1_22' title='bbox 1534 425 1693 479; x_wconf 79' lang='lat' dir='ltr'>diuinae.</span> 
     </span>
    </p>
   </div>
   <div class='ocr_carea' id='block_1_4' title="bbox 322 536 1860 2913">
    <p class='ocr_par' dir='ltr' id='par_1_4' title="bbox 322 536 1860 2913">
     <span class='ocr_line' id='line_1_6' title="bbox 614 536 1800 587; baseline -0.007 -7"><span class='ocrx_word' id='word_1_23' title='bbox 614 570 632 587; x_wconf 54' lang='lat'>1,</span> <span class='ocrx_word' id='word_1_24' title='bbox 666 547 706 579; x_wconf 90' lang='lat' dir='ltr'>Er</span> <span class='ocrx_word' id='word_1_25' title='bbox 714 546 795 576; x_wconf 85' lang='lat' dir='ltr'>viam</span> <span class='ocrx_word' id='word_1_26' title='bbox 803 543 892 575; x_wconf 76' lang='lat' dir='ltr'>etiam</span> <span class='ocrx_word' id='word_1_27' title='bbox 908 538 1157 573; x_wconf 81' lang='lat' dir='ltr'>immutabilitatis</span> <span class='ocrx_word' id='word_1_28' title='bbox 1175 537 1341 571; x_wconf 82' lang='lat' dir='ltr'>voluntatis</span> <span class='ocrx_word' id='word_1_29' title='bbox 1356 536 1464 572; x_wconf 71' lang='lat' dir='ltr'>diuinae</span> <span class='ocrx_word' id='word_1_30' title='bbox 1481 540 1579 583; x_wconf 88' lang='lat' dir='ltr'>potest</span> <span class='ocrx_word' id='word_1_31' title='bbox 1586 538 1690 575; x_wconf 86' lang='lat' dir='ltr'>cadem</span> <span class='ocrx_word' id='word_1_32' title='bbox 1702 538 1800 586; x_wconf 85' lang='lat' dir='ltr'>hypo-</span> 
     </span>
     <span class='ocr_line' id='line_1_7' title="bbox 692 581 1801 632; baseline -0.005 -8"><span class='ocrx_word' id='word_1_33' title='bbox 692 587 968 632; x_wconf 82' lang='lat' dir='ltr'>thesisimpugnati.</span> <span class='ocrx_word' id='word_1_34' title='bbox 986 587 1071 618; x_wconf 82' lang='lat' dir='ltr'>Nam</span> <span class='ocrx_word' id='word_1_35' title='bbox 1082 584 1191 617; x_wconf 84' lang='lat' dir='ltr'>siDeus</span> <span class='ocrx_word' id='word_1_36' title='bbox 1200 581 1296 628; x_wconf 79' lang='lat' dir='ltr'>posset</span> <span class='ocrx_word' id='word_1_37' title='bbox 1305 584 1387 616; x_wconf 88' lang='lat' dir='ltr'>nolle</span> <span class='ocrx_word' id='word_1_38' title='bbox 1394 585 1553 628; x_wconf 72' lang='lat' dir='ltr'>priuatiue,</span> <span class='ocrx_word' id='word_1_39' title='bbox 1566 584 1612 619; x_wconf 90' lang='lat' dir='ltr'>seu</span> <span class='ocrx_word' id='word_1_40' title='bbox 1622 588 1711 619; x_wconf 82' lang='lat' dir='ltr'>etiam</span> <span class='ocrx_word' id='word_1_41' title='bbox 1720 584 1801 631; x_wconf 79' lang='lat' dir='ltr'>poli-</span> 
     </span>
     <span class='ocr_line' id='line_1_8' title="bbox 694 628 1801 677; baseline -0.003 -8"><span class='ocrx_word' id='word_1_42' title='bbox 694 637 754 669; x_wconf 70' lang='lat' dir='ltr'>tiue</span> <span class='ocrx_word' id='word_1_43' title='bbox 765 646 821 677; x_wconf 84' lang='lat' dir='ltr'>pto</span> <span class='ocrx_word' id='word_1_44' title='bbox 829 645 909 666; x_wconf 91' lang='lat' dir='ltr'>nunc</span> <span class='ocrx_word' id='word_1_45' title='bbox 918 632 1129 676; x_wconf 80' lang='lat' dir='ltr'>ptaesentiaista</span> <span class='ocrx_word' id='word_1_46' title='bbox 1137 631 1206 667; x_wconf 81' lang='lat' dir='ltr'>esse,</span> <span class='ocrx_word' id='word_1_47' title='bbox 1222 640 1286 672; x_wconf 82' lang='lat' dir='ltr'>quae</span> <span class='ocrx_word' id='word_1_48' title='bbox 1296 641 1375 662; x_wconf 91' lang='lat' dir='ltr'>nunc</span> <span class='ocrx_word' id='word_1_49' title='bbox 1391 631 1456 664; x_wconf 84' lang='lat' dir='ltr'>vult</span> <span class='ocrx_word' id='word_1_50' title='bbox 1472 628 1540 667; x_wconf 81' lang='lat' dir='ltr'>effe,</span> <span class='ocrx_word' id='word_1_51' title='bbox 1554 632 1584 665; x_wconf 75' lang='grc' dir='ltr'>ὃ(</span> <span class='ocrx_word' id='word_1_52' title='bbox 1597 631 1801 674; x_wconf 82' lang='lat' dir='ltr'>praeteritailla</span> 
     </span>
     <span class='ocr_line' id='line_1_9' title="bbox 694 673 1804 725; baseline -0.003 -12"><span class='ocrx_word' id='word_1_53' title='bbox 694 679 779 713; x_wconf 77' lang='lat' dir='ltr'>fuisse</span> <span class='ocrx_word' id='word_1_54' title='bbox 788 692 853 725; x_wconf 83' lang='lat' dir='ltr'>quae</span> <span class='ocrx_word' id='word_1_55' title='bbox 863 676 1029 713; x_wconf 82' lang='lat' dir='ltr'>vultfuiffe,</span> <span class='ocrx_word' id='word_1_56' title='bbox 1048 676 1079 710; x_wconf 76' lang='grc' dir='ltr'>ὃ(</span> <span class='ocrx_word' id='word_1_57' title='bbox 1096 676 1248 709; x_wconf 73' lang='lat' dir='ltr'>ammodo</span> <span class='ocrx_word' id='word_1_58' title='bbox 1266 677 1381 719; x_wconf 83' lang='lat' dir='ltr'>semper</span> <span class='ocrx_word' id='word_1_59' title='bbox 1394 677 1476 708; x_wconf 90' lang='lat' dir='ltr'>nolle</span> <span class='ocrx_word' id='word_1_60' title='bbox 1488 675 1538 709; x_wconf 76' lang='lat' dir='ltr'>illa</span> <span class='ocrx_word' id='word_1_61' title='bbox 1547 673 1698 719; x_wconf 83' lang='lat' dir='ltr'>praesentia</span> <span class='ocrx_word' id='word_1_62' title='bbox 1711 688 1804 723; x_wconf 81' lang='lat' dir='ltr'>atque</span> 
     </span>
     <span class='ocr_line' id='line_1_10' title="bbox 696 722 1805 770; baseline -0.005 -10"><span class='ocrx_word' id='word_1_63' title='bbox 696 729 841 770; x_wconf 73' lang='lat' dir='ltr'>praetei-ita</span> <span class='ocrx_word' id='word_1_64' title='bbox 851 724 934 757; x_wconf 79' lang='lat' dir='ltr'>fuiitc</span> <span class='ocrx_word' id='word_1_65' title='bbox 942 724 1050 760; x_wconf 75' lang='lat' dir='ltr'>fututa,</span> <span class='ocrx_word' id='word_1_66' title='bbox 1067 733 1133 766; x_wconf 80' lang='lat' dir='ltr'>quae</span> <span class='ocrx_word' id='word_1_67' title='bbox 1144 724 1259 765; x_wconf 81' lang='lat' dir='ltr'>semper</span> <span class='ocrx_word' id='word_1_68' title='bbox 1268 732 1337 753; x_wconf 82' lang='lat' dir='ltr'>ante</span> <span class='ocrx_word' id='word_1_69' title='bbox 1344 722 1438 755; x_wconf 86' lang='lat' dir='ltr'>voluit</span> <span class='ocrx_word' id='word_1_70' title='bbox 1446 723 1528 755; x_wconf 76' lang='lat' dir='ltr'>fuisse</span> <span class='ocrx_word' id='word_1_71' title='bbox 1538 723 1646 762; x_wconf 73' lang='lat' dir='ltr'>fututa,</span> <span class='ocrx_word' id='word_1_72' title='bbox 1658 723 1728 756; x_wconf 81' lang='lat' dir='ltr'>esset</span> <span class='ocrx_word' id='word_1_73' title='bbox 1737 734 1805 757; x_wconf 83' lang='lat' dir='ltr'>mu-</span> 
     </span>
     <span class='ocr_line' id='line_1_11' title="bbox 696 765 1805 813; baseline -0.002 -8"><span class='ocrx_word' id='word_1_74' title='bbox 696 772 805 809; x_wconf 82' lang='lat' dir='ltr'>tabilis,</span> <span class='ocrx_word' id='word_1_75' title='bbox 822 770 894 803; x_wconf 83' lang='lat' dir='ltr'>sicut</span> <span class='ocrx_word' id='word_1_76' title='bbox 903 771 932 804; x_wconf 76' lang='grc' dir='ltr'>ὀ(</span> <span class='ocrx_word' id='word_1_77' title='bbox 942 780 1051 802; x_wconf 84' lang='lat' dir='ltr'>omnes</span> <span class='ocrx_word' id='word_1_78' title='bbox 1060 769 1191 800; x_wconf 84' lang='lat' dir='ltr'>Autores</span> <span class='ocrx_word' id='word_1_79' title='bbox 1202 767 1288 800; x_wconf 87' lang='lat' dir='ltr'>huius</span> <span class='ocrx_word' id='word_1_80' title='bbox 1297 765 1477 813; x_wconf 75' lang='lat' dir='ltr'>hypothesis</span> <span class='ocrx_word' id='word_1_81' title='bbox 1485 767 1678 802; x_wconf 81' lang='lat' dir='ltr'>confitentur.</span> <span class='ocrx_word' id='word_1_82' title='bbox 1704 768 1761 803; x_wconf 85' lang='lat' dir='ltr'>Sed</span> <span class='ocrx_word' id='word_1_83' title='bbox 1771 768 1805 803; x_wconf 81' lang='lat' dir='ltr'>fi-</span> 
     </span>
     <span class='ocr_line' id='line_1_12' title="bbox 696 811 1843 854; baseline -0.002 -5"><span class='ocrx_word' id='word_1_84' title='bbox 696 819 805 851; x_wconf 89' lang='lat' dir='ltr'>militer</span> <span class='ocrx_word' id='word_1_85' title='bbox 812 815 942 850; x_wconf 75' lang='lat' dir='ltr'>omnino</span> <span class='ocrx_word' id='word_1_86' title='bbox 952 813 1106 847; x_wconf 78' lang='lat' dir='ltr'>intrinsece</span> <span class='ocrx_word' id='word_1_87' title='bbox 1117 812 1144 845; x_wconf 85' lang='lat' dir='ltr'>se</span> <span class='ocrx_word' id='word_1_88' title='bbox 1152 811 1243 846; x_wconf 84' lang='lat' dir='ltr'>habet</span> <span class='ocrx_word' id='word_1_89' title='bbox 1254 813 1393 846; x_wconf 84' lang='lat' dir='ltr'>voluntas</span> <span class='ocrx_word' id='word_1_90' title='bbox 1400 813 1501 846; x_wconf 87' lang='lat' dir='ltr'>diuina</span> <span class='ocrx_word' id='word_1_91' title='bbox 1509 814 1546 844; x_wconf 85' lang='lat' dir='ltr'>ad</span> <span class='ocrx_word' id='word_1_92' title='bbox 1557 814 1668 854; x_wconf 79' lang='lat' dir='ltr'>futura,</span> <span class='ocrx_word' id='word_1_93' title='bbox 1684 815 1757 847; x_wconf 89' lang='lat' dir='ltr'>sicut</span> <span class='ocrx_word' id='word_1_94' title='bbox 1766 814 1804 848; x_wconf 78' lang='lat' dir='ltr'>ad</span> <span class='ocrx_word' id='word_1_95' title='bbox 1820 821 1843 853; x_wconf 86' lang='grc' dir='ltr'><em>Β</em></span> 
     </span>
     <span class='ocr_line' id='line_1_13' title="bbox 699 857 1806 905; baseline -0.004 -9"><span class='ocrx_word' id='word_1_96' title='bbox 699 865 852 905; x_wconf 78' lang='lat' dir='ltr'>praesentia</span> <span class='ocrx_word' id='word_1_97' title='bbox 862 862 907 895; x_wconf 87' lang='lat' dir='ltr'>vel</span> <span class='ocrx_word' id='word_1_98' title='bbox 917 862 1074 903; x_wconf 80' lang='lat' dir='ltr'>ptaetetita,</span> <span class='ocrx_word' id='word_1_99' title='bbox 1090 871 1122 890; x_wconf 86' lang='lat' dir='ltr'>Vt</span> <span class='ocrx_word' id='word_1_100' title='bbox 1138 861 1236 903; x_wconf 86' lang='lat' dir='ltr'>potest</span> <span class='ocrx_word' id='word_1_101' title='bbox 1245 857 1347 891; x_wconf 80' lang='lat' dir='ltr'>haberi</span> <span class='ocrx_word' id='word_1_102' title='bbox 1361 870 1414 900; x_wconf 88' lang='lat' dir='ltr'>per</span> <span class='ocrx_word' id='word_1_103' title='bbox 1428 860 1508 902; x_wconf 85' lang='lat' dir='ltr'>prius</span> <span class='ocrx_word' id='word_1_104' title='bbox 1525 857 1640 892; x_wconf 82' lang='lat' dir='ltr'>ostensa</span> <span class='ocrx_word' id='word_1_105' title='bbox 1655 859 1806 892; x_wconf 85' lang='lat' dir='ltr'>tricesimo</span> 
     </span>
     <span class='ocr_line' id='line_1_14' title="bbox 322 903 1808 951; baseline -0.005 -5"><span class='ocrx_word' id='word_1_106' title='bbox 322 914 410 946; x_wconf 77' lang='lat' dir='ltr'>liuius</span> <span class='ocrx_word' id='word_1_107' title='bbox 428 927 438 951; x_wconf 76' lang='lat'>3</span> <span class='ocrx_word' id='word_1_108' title='bbox 455 910 527 945; x_wconf 63' lang='lat' dir='ltr'>alias</span> <span class='ocrx_word' id='word_1_109' title='bbox 535 912 625 943; x_wconf 57' lang='lat' dir='ltr'>etiam</span> <span class='ocrx_word' id='word_1_110' title='bbox 636 920 666 940; x_wconf 88' lang='lat' dir='ltr'>te</span> <span class='ocrx_word' id='word_1_111' title='bbox 676 908 775 942; x_wconf 78' lang='lat' dir='ltr'>futura</span> <span class='ocrx_word' id='word_1_112' title='bbox 786 908 864 941; x_wconf 62' lang='lat' dir='ltr'>theta</span> <span class='ocrx_word' id='word_1_113' title='bbox 880 908 1021 951; x_wconf 81' lang='lat' dir='ltr'>praesente</span> <span class='ocrx_word' id='word_1_114' title='bbox 1038 905 1085 937; x_wconf 86' lang='lat' dir='ltr'>vel</span> <span class='ocrx_word' id='word_1_115' title='bbox 1095 916 1243 949; x_wconf 73' lang='lat' dir='ltr'>przetetita</span> <span class='ocrx_word' id='word_1_116' title='bbox 1258 903 1410 937; x_wconf 76' lang='lat' dir='ltr'>intrinsece</span> <span class='ocrx_word' id='word_1_117' title='bbox 1420 915 1583 938; x_wconf 85' lang='lat' dir='ltr'>mutaretur</span> <span class='ocrx_word' id='word_1_118' title='bbox 1592 917 1697 938; x_wconf 77' lang='lat' dir='ltr'>contra</span> <span class='ocrx_word' id='word_1_119' title='bbox 1708 904 1808 940; x_wconf 82' lang='lat' dir='ltr'>vicesi-</span> 
     </span>
     <span class='ocr_line' id='line_1_15' title="bbox 323 951 1807 1000; baseline -0.005 -9"><span class='ocrx_word' id='word_1_120' title='bbox 323 971 409 993; x_wconf 85' lang='lat' dir='ltr'>mum</span> <span class='ocrx_word' id='word_1_121' title='bbox 420 958 538 991; x_wconf 82' lang='lat' dir='ltr'>tertium</span> <span class='ocrx_word' id='word_1_122' title='bbox 548 957 636 1000; x_wconf 87' lang='lat' dir='ltr'>primi</span> <span class='ocrx_word' id='word_1_123' title='bbox 645 955 711 988; x_wconf 83' lang='lat' dir='ltr'>libri</span> <span class='ocrx_word' id='word_1_124' title='bbox 724 966 815 999; x_wconf 72' lang='lat' dir='ltr'>;ergo</span> <span class='ocrx_word' id='word_1_125' title='bbox 826 953 844 986; x_wconf 88' lang='lat' dir='ltr'>si</span> <span class='ocrx_word' id='word_1_126' title='bbox 854 953 949 985; x_wconf 78' lang='lat' dir='ltr'>futura</span> <span class='ocrx_word' id='word_1_127' title='bbox 961 964 1028 995; x_wconf 71' lang='lat' dir='ltr'>qua:</span> <span class='ocrx_word' id='word_1_128' title='bbox 1041 951 1115 987; x_wconf 88' lang='lat' dir='ltr'>vult,</span> <span class='ocrx_word' id='word_1_129' title='bbox 1126 951 1281 993; x_wconf 77' lang='lat' dir='ltr'>&amp;semper</span> <span class='ocrx_word' id='word_1_130' title='bbox 1290 953 1371 992; x_wconf 80' lang='lat' dir='ltr'>ptius</span> <span class='ocrx_word' id='word_1_131' title='bbox 1380 952 1443 982; x_wconf 82' lang='lat' dir='ltr'>iore</span> <span class='ocrx_word' id='word_1_132' title='bbox 1451 951 1652 994; x_wconf 86' lang='lat' dir='ltr'>voluit,p0test</span> <span class='ocrx_word' id='word_1_133' title='bbox 1661 963 1717 996; x_wconf 88' lang='lat' dir='ltr'>pto</span> <span class='ocrx_word' id='word_1_134' title='bbox 1727 963 1807 985; x_wconf 91' lang='lat' dir='ltr'>nunc</span> 
     </span>
     <span class='ocr_line' id='line_1_16' title="bbox 325 995 1808 1046; baseline -0.005 -9"><span class='ocrx_word' id='word_1_135' title='bbox 325 1009 355 1040; x_wconf 74' lang='grc' dir='ltr'>ὅ(</span> <span class='ocrx_word' id='word_1_136' title='bbox 367 1004 480 1046; x_wconf 79' lang='lat' dir='ltr'>semper</span> <span class='ocrx_word' id='word_1_137' title='bbox 488 1003 551 1045; x_wconf 83' lang='lat' dir='ltr'>post</span> <span class='ocrx_word' id='word_1_138' title='bbox 562 1002 644 1034; x_wconf 89' lang='lat' dir='ltr'>nolle</span> <span class='ocrx_word' id='word_1_139' title='bbox 653 1001 730 1039; x_wconf 85' lang='lat' dir='ltr'>fote,</span> <span class='ocrx_word' id='word_1_140' title='bbox 743 1012 805 1034; x_wconf 90' lang='lat' dir='ltr'>non</span> <span class='ocrx_word' id='word_1_141' title='bbox 817 997 981 1044; x_wconf 83' lang='lat' dir='ltr'>politisillis</span> <span class='ocrx_word' id='word_1_142' title='bbox 991 1010 1021 1031; x_wconf 85' lang='lat' dir='ltr'>in</span> <span class='ocrx_word' id='word_1_143' title='bbox 1032 995 1098 1035; x_wconf 81' lang='lat' dir='ltr'>ess&#39;e,</span> <span class='ocrx_word' id='word_1_144' title='bbox 1111 996 1151 1029; x_wconf 85' lang='lat' dir='ltr'>est</span> <span class='ocrx_word' id='word_1_145' title='bbox 1160 995 1316 1028; x_wconf 77' lang='lat' dir='ltr'>mutabilis</span> <span class='ocrx_word' id='word_1_146' title='bbox 1332 996 1426 1029; x_wconf 77' lang='lat' dir='ltr'>:vele</span> <span class='ocrx_word' id='word_1_147' title='bbox 1435 1007 1554 1037; x_wconf 79' lang='lat' dir='ltr'>contra,</span> <span class='ocrx_word' id='word_1_148' title='bbox 1573 996 1593 1029; x_wconf 86' lang='lat' dir='ltr'>si</span> <span class='ocrx_word' id='word_1_149' title='bbox 1604 998 1686 1029; x_wconf 88' lang='lat' dir='ltr'>Deus</span> <span class='ocrx_word' id='word_1_150' title='bbox 1697 996 1756 1030; x_wconf 90' lang='lat' dir='ltr'>sinc</span> <span class='ocrx_word' id='word_1_151' title='bbox 1765 998 1808 1030; x_wconf 80' lang='lat' dir='ltr'>sui</span> 
     </span>
     <span class='ocr_line' id='line_1_17' title="bbox 325 1041 1808 1090; baseline -0.005 -7"><span class='ocrx_word' id='word_1_152' title='bbox 325 1052 507 1084; x_wconf 76' lang='lat' dir='ltr'>mutatione,</span> <span class='ocrx_word' id='word_1_153' title='bbox 523 1048 631 1085; x_wconf 79' lang='lat' dir='ltr'>futura,</span> <span class='ocrx_word' id='word_1_154' title='bbox 643 1058 709 1090; x_wconf 83' lang='lat' dir='ltr'>quae</span> <span class='ocrx_word' id='word_1_155' title='bbox 719 1056 802 1080; x_wconf 83' lang='lat' dir='ltr'>nunc</span> <span class='ocrx_word' id='word_1_156' title='bbox 813 1046 886 1083; x_wconf 84' lang='lat' dir='ltr'>vult,</span> <span class='ocrx_word' id='word_1_157' title='bbox 900 1045 930 1077; x_wconf 73' lang='grc' dir='ltr'>ὅ(</span> <span class='ocrx_word' id='word_1_158' title='bbox 942 1045 1057 1086; x_wconf 82' lang='lat' dir='ltr'>semper</span> <span class='ocrx_word' id='word_1_159' title='bbox 1064 1053 1145 1084; x_wconf 77' lang='lat' dir='ltr'>prius</span> <span class='ocrx_word' id='word_1_160' title='bbox 1158 1042 1253 1075; x_wconf 89' lang='lat' dir='ltr'>voluit</span> <span class='ocrx_word' id='word_1_161' title='bbox 1268 1041 1334 1074; x_wconf 88' lang='lat' dir='ltr'>fore</span> <span class='ocrx_word' id='word_1_162' title='bbox 1343 1052 1429 1085; x_wconf 85' lang='lat' dir='ltr'>atque</span> <span class='ocrx_word' id='word_1_163' title='bbox 1436 1041 1518 1075; x_wconf 88' lang='lat' dir='ltr'>fuisse</span> <span class='ocrx_word' id='word_1_164' title='bbox 1527 1042 1635 1078; x_wconf 80' lang='lat' dir='ltr'>futura,</span> <span class='ocrx_word' id='word_1_165' title='bbox 1646 1044 1739 1086; x_wconf 80' lang='lat' dir='ltr'>potest</span> <span class='ocrx_word' id='word_1_166' title='bbox 1749 1055 1808 1087; x_wconf 86' lang='lat' dir='ltr'>pto</span> 
     </span>
     <span class='ocr_line' id='line_1_18' title="bbox 325 1085 1810 1137; baseline -0.005 -8"><span class='ocrx_word' id='word_1_167' title='bbox 325 1108 408 1128; x_wconf 82' lang='lat' dir='ltr'>nunc</span> <span class='ocrx_word' id='word_1_168' title='bbox 416 1096 568 1137; x_wconf 80' lang='lat' dir='ltr'>&amp;semper</span> <span class='ocrx_word' id='word_1_169' title='bbox 577 1094 642 1136; x_wconf 86' lang='lat' dir='ltr'>post</span> <span class='ocrx_word' id='word_1_170' title='bbox 652 1093 733 1126; x_wconf 85' lang='lat' dir='ltr'>nolle</span> <span class='ocrx_word' id='word_1_171' title='bbox 741 1092 805 1125; x_wconf 85' lang='lat' dir='ltr'>sore</span> <span class='ocrx_word' id='word_1_172' title='bbox 814 1090 880 1135; x_wconf 87' lang='lat' dir='ltr'>ipsis</span> <span class='ocrx_word' id='word_1_173' title='bbox 887 1102 949 1122; x_wconf 87' lang='lat' dir='ltr'>non</span> <span class='ocrx_word' id='word_1_174' title='bbox 961 1090 1076 1133; x_wconf 80' lang='lat' dir='ltr'>positis,</span> <span class='ocrx_word' id='word_1_175' title='bbox 1091 1088 1122 1122; x_wconf 71' lang='grc' dir='ltr'>ὅ(</span> <span class='ocrx_word' id='word_1_176' title='bbox 1131 1089 1212 1120; x_wconf 83' lang='lat' dir='ltr'>nolle</span> <span class='ocrx_word' id='word_1_177' title='bbox 1221 1088 1270 1120; x_wconf 78' lang='lat' dir='ltr'>illa</span> <span class='ocrx_word' id='word_1_178' title='bbox 1279 1085 1464 1120; x_wconf 79' lang='lat' dir='ltr'>fuissesutura</span> <span class='ocrx_word' id='word_1_179' title='bbox 1482 1102 1490 1127; x_wconf 70' lang='lat'>³</span> <span class='ocrx_word' id='word_1_180' title='bbox 1505 1088 1602 1131; x_wconf 81' lang='lat' dir='ltr'>potest</span> <span class='ocrx_word' id='word_1_181' title='bbox 1612 1087 1742 1122; x_wconf 79' lang='lat' dir='ltr'>{imiliter</span> <span class='ocrx_word' id='word_1_182' title='bbox 1751 1087 1810 1122; x_wconf 78' lang='lat' dir='ltr'>sine</span> 
     </span>
     <span class='ocr_line' id='line_1_19' title="bbox 327 1131 1811 1180; baseline -0.005 -6"><span class='ocrx_word' id='word_1_183' title='bbox 327 1143 369 1174; x_wconf 87' lang='lat' dir='ltr'>sui</span> <span class='ocrx_word' id='word_1_184' title='bbox 379 1142 544 1173; x_wconf 75' lang='lat' dir='ltr'>mutatione</span> <span class='ocrx_word' id='word_1_185' title='bbox 554 1138 632 1171; x_wconf 84' lang='lat' dir='ltr'>nolle</span> <span class='ocrx_word' id='word_1_186' title='bbox 641 1150 695 1180; x_wconf 90' lang='lat' dir='ltr'>pto</span> <span class='ocrx_word' id='word_1_187' title='bbox 706 1150 785 1170; x_wconf 88' lang='lat' dir='ltr'>nunc</span> <span class='ocrx_word' id='word_1_188' title='bbox 797 1135 952 1179; x_wconf 67' lang='lat' dir='ltr'>praesentia</span> <span class='ocrx_word' id='word_1_189' title='bbox 961 1132 1088 1172; x_wconf 61' lang='lat' dir='ltr'>maesse,</span> <span class='ocrx_word' id='word_1_190' title='bbox 1105 1135 1308 1177; x_wconf 66' lang='lat' dir='ltr'>praeteritaque</span> <span class='ocrx_word' id='word_1_191' title='bbox 1316 1131 1408 1170; x_wconf 80' lang='lat' dir='ltr'>fuisse,</span> <span class='ocrx_word' id='word_1_192' title='bbox 1421 1134 1451 1167; x_wconf 75' lang='grc' dir='ltr'>ὅ(</span> <span class='ocrx_word' id='word_1_193' title='bbox 1459 1134 1573 1178; x_wconf 83' lang='lat' dir='ltr'>semper</span> <span class='ocrx_word' id='word_1_194' title='bbox 1583 1134 1649 1177; x_wconf 88' lang='lat' dir='ltr'>post</span> <span class='ocrx_word' id='word_1_195' title='bbox 1658 1134 1738 1167; x_wconf 86' lang='lat' dir='ltr'>nolle</span> <span class='ocrx_word' id='word_1_196' title='bbox 1747 1132 1811 1167; x_wconf 81' lang='lat' dir='ltr'>haec</span> 
     </span>
     <span class='ocr_line' id='line_1_20' title="bbox 327 1178 1813 1224; baseline -0.005 -4"><span class='ocrx_word' id='word_1_197' title='bbox 327 1187 410 1220; x_wconf 67' lang='lat' dir='ltr'>fuisse</span> <span class='ocrx_word' id='word_1_198' title='bbox 420 1186 530 1219; x_wconf 79' lang='lat' dir='ltr'>sutura.</span> <span class='ocrx_word' id='word_1_199' title='bbox 558 1185 642 1216; x_wconf 87' lang='lat' dir='ltr'>Nam</span> <span class='ocrx_word' id='word_1_200' title='bbox 653 1185 733 1216; x_wconf 80' lang='lat' dir='ltr'>nulla</span> <span class='ocrx_word' id='word_1_201' title='bbox 741 1182 827 1216; x_wconf 75' lang='lat' dir='ltr'>causa</span> <span class='ocrx_word' id='word_1_202' title='bbox 837 1184 883 1215; x_wconf 86' lang='lat' dir='ltr'>vel</span> <span class='ocrx_word' id='word_1_203' title='bbox 894 1193 969 1214; x_wconf 72' lang='lat' dir='ltr'>tatio</span> <span class='ocrx_word' id='word_1_204' title='bbox 978 1179 1224 1214; x_wconf 81' lang='lat' dir='ltr'>dissimilitudinis</span> <span class='ocrx_word' id='word_1_205' title='bbox 1240 1179 1333 1223; x_wconf 84' lang='lat' dir='ltr'>potest</span> <span class='ocrx_word' id='word_1_206' title='bbox 1342 1178 1414 1211; x_wconf 79' lang='lat' dir='ltr'>dari.</span> <span class='ocrx_word' id='word_1_207' title='bbox 1442 1179 1480 1211; x_wconf 88' lang='lat' dir='ltr'>Et</span> <span class='ocrx_word' id='word_1_208' title='bbox 1490 1178 1509 1210; x_wconf 87' lang='lat' dir='ltr'>fi</span> <span class='ocrx_word' id='word_1_209' title='bbox 1521 1178 1650 1212; x_wconf 71' lang='lat' dir='ltr'>fortassis</span> <span class='ocrx_word' id='word_1_210' title='bbox 1661 1182 1726 1224; x_wconf 83' lang='lat' dir='ltr'>quis</span> <span class='ocrx_word' id='word_1_211' title='bbox 1735 1180 1813 1213; x_wconf 85' lang='lat' dir='ltr'>dicat</span> 
     </span>
     <span class='ocr_line' id='line_1_21' title="bbox 326 1224 1814 1270; baseline -0.005 -5"><span class='ocrx_word' id='word_1_212' title='bbox 326 1233 405 1266; x_wconf 78' lang='lat' dir='ltr'>hanc</span> <span class='ocrx_word' id='word_1_213' title='bbox 415 1233 471 1264; x_wconf 75' lang='lat' dir='ltr'>csse</span> <span class='ocrx_word' id='word_1_214' title='bbox 481 1230 596 1263; x_wconf 75' lang='lat' dir='ltr'>causam</span> <span class='ocrx_word' id='word_1_215' title='bbox 607 1227 856 1262; x_wconf 77' lang='lat' dir='ltr'>dissimilitudinis</span> <span class='ocrx_word' id='word_1_216' title='bbox 865 1239 939 1261; x_wconf 79' lang='lat' dir='ltr'>inter</span> <span class='ocrx_word' id='word_1_217' title='bbox 948 1228 1008 1264; x_wconf 79' lang='lat' dir='ltr'>ista,</span> <span class='ocrx_word' id='word_1_218' title='bbox 1026 1224 1112 1270; x_wconf 77' lang='lat' dir='ltr'>quod</span> <span class='ocrx_word' id='word_1_219' title='bbox 1129 1235 1212 1257; x_wconf 86' lang='lat' dir='ltr'>nunc</span> <span class='ocrx_word' id='word_1_220' title='bbox 1225 1224 1338 1257; x_wconf 78' lang='lat' dir='ltr'>necesse</span> <span class='ocrx_word' id='word_1_221' title='bbox 1346 1226 1385 1256; x_wconf 89' lang='lat' dir='ltr'>est</span> <span class='ocrx_word' id='word_1_222' title='bbox 1394 1224 1498 1257; x_wconf 85' lang='lat' dir='ltr'>Deum</span> <span class='ocrx_word' id='word_1_223' title='bbox 1507 1224 1582 1257; x_wconf 85' lang='lat' dir='ltr'>velle</span> <span class='ocrx_word' id='word_1_224' title='bbox 1593 1225 1623 1258; x_wconf 77' lang='grc' dir='ltr'>ὅ(</span> <span class='ocrx_word' id='word_1_225' title='bbox 1632 1226 1748 1269; x_wconf 81' lang='lat' dir='ltr'>semper</span> <span class='ocrx_word' id='word_1_226' title='bbox 1757 1236 1814 1258; x_wconf 90' lang='lat' dir='ltr'>vo-</span> 
     </span>
     <span class='ocr_line' id='line_1_22' title="bbox 326 1268 1815 1319; baseline -0.005 -9"><span class='ocrx_word' id='word_1_227' title='bbox 326 1277 409 1311; x_wconf 82' lang='lat' dir='ltr'>luisse</span> <span class='ocrx_word' id='word_1_228' title='bbox 418 1277 477 1310; x_wconf 84' lang='lat' dir='ltr'>hoc</span> <span class='ocrx_word' id='word_1_229' title='bbox 487 1277 611 1319; x_wconf 67' lang='lat' dir='ltr'>praesens</span> <span class='ocrx_word' id='word_1_230' title='bbox 622 1276 842 1319; x_wconf 69' lang='lat' dir='ltr'>praetcritumue</span> <span class='ocrx_word' id='word_1_231' title='bbox 853 1271 935 1306; x_wconf 78' lang='lat' dir='ltr'>fuisse</span> <span class='ocrx_word' id='word_1_232' title='bbox 944 1274 1087 1311; x_wconf 82' lang='lat' dir='ltr'>futurum,</span> <span class='ocrx_word' id='word_1_233' title='bbox 1095 1276 1125 1303; x_wconf 75' lang='grc' dir='ltr'>δι</span> <span class='ocrx_word' id='word_1_234' title='bbox 1136 1271 1219 1309; x_wconf 83' lang='lat' dir='ltr'>ideo,</span> <span class='ocrx_word' id='word_1_235' title='bbox 1230 1269 1248 1302; x_wconf 82' lang='lat' dir='ltr'>fi</span> <span class='ocrx_word' id='word_1_236' title='bbox 1258 1270 1325 1314; x_wconf 90' lang='lat' dir='ltr'>post</span> <span class='ocrx_word' id='word_1_237' title='bbox 1336 1268 1395 1302; x_wconf 88' lang='lat' dir='ltr'>hoc</span> <span class='ocrx_word' id='word_1_238' title='bbox 1405 1269 1673 1309; x_wconf 78' lang='lat' dir='ltr'>nollet‚neceffario</span> <span class='ocrx_word' id='word_1_239' title='bbox 1682 1282 1815 1304; x_wconf 85' lang='lat' dir='ltr'>mutare-</span> 
     </span>
     <span class='ocr_line' id='line_1_23' title="bbox 327 1314 1814 1363; baseline -0.006 -6"><span class='ocrx_word' id='word_1_240' title='bbox 327 1336 376 1357; x_wconf 82' lang='lat' dir='ltr'>tut</span> <span class='ocrx_word' id='word_1_241' title='bbox 386 1335 394 1357; x_wconf 69' lang='grc' dir='ltr'>ς</span> <span class='ocrx_word' id='word_1_242' title='bbox 405 1336 465 1356; x_wconf 89' lang='lat' dir='ltr'>non</span> <span class='ocrx_word' id='word_1_243' title='bbox 478 1322 514 1354; x_wconf 89' lang='lat' dir='ltr'>sic</span> <span class='ocrx_word' id='word_1_244' title='bbox 525 1332 594 1354; x_wconf 82' lang='lat' dir='ltr'>ante</span> <span class='ocrx_word' id='word_1_245' title='bbox 603 1321 639 1353; x_wconf 89' lang='lat' dir='ltr'>de</span> <span class='ocrx_word' id='word_1_246' title='bbox 648 1321 754 1355; x_wconf 79' lang='lat' dir='ltr'>futuris</span> <span class='ocrx_word' id='word_1_247' title='bbox 770 1335 779 1359; x_wconf 64' lang='grc' dir='ltr'><strong>ς</strong></span> <span class='ocrx_word' id='word_1_248' title='bbox 796 1331 868 1363; x_wconf 80' lang='lat' dir='ltr'>ergo</span> <span class='ocrx_word' id='word_1_249' title='bbox 877 1321 958 1352; x_wconf 86' lang='lat' dir='ltr'>Deus</span> <span class='ocrx_word' id='word_1_250' title='bbox 969 1315 1214 1350; x_wconf 72' lang='lat' dir='ltr'>aliterintrmscce</span> <span class='ocrx_word' id='word_1_251' title='bbox 1225 1316 1449 1359; x_wconf 77' lang='lat' dir='ltr'>vultpraesentia</span> <span class='ocrx_word' id='word_1_252' title='bbox 1458 1321 1488 1347; x_wconf 67' lang='lat' dir='ltr'>Rc</span> <span class='ocrx_word' id='word_1_253' title='bbox 1503 1318 1754 1361; x_wconf 73' lang='lat' dir='ltr'>praeteritaquam</span> <span class='ocrx_word' id='word_1_254' title='bbox 1767 1314 1814 1348; x_wconf 85' lang='lat' dir='ltr'>fu-</span> 
     </span>
     <span class='ocr_line' id='line_1_24' title="bbox 328 1359 1857 1407; baseline -0.004 -5"><span class='ocrx_word' id='word_1_255' title='bbox 328 1381 406 1407; x_wconf 85' lang='lat' dir='ltr'>tura,</span> <span class='ocrx_word' id='word_1_256' title='bbox 422 1369 451 1401; x_wconf 71' lang='grc' dir='ltr'>ὀ(</span> <span class='ocrx_word' id='word_1_257' title='bbox 460 1368 540 1400; x_wconf 83' lang='lat' dir='ltr'>aliter</span> <span class='ocrx_word' id='word_1_258' title='bbox 549 1366 704 1400; x_wconf 66' lang='lat' dir='ltr'>intrinsece</span> <span class='ocrx_word' id='word_1_259' title='bbox 714 1365 841 1399; x_wconf 83' lang='lat' dir='ltr'>eandem</span> <span class='ocrx_word' id='word_1_260' title='bbox 851 1376 914 1397; x_wconf 90' lang='lat' dir='ltr'>rem</span> <span class='ocrx_word' id='word_1_261' title='bbox 922 1363 1024 1407; x_wconf 77' lang='lat' dir='ltr'>primo</span> <span class='ocrx_word' id='word_1_262' title='bbox 1033 1363 1178 1402; x_wconf 81' lang='lat' dir='ltr'>futuram,</span> <span class='ocrx_word' id='word_1_263' title='bbox 1197 1359 1305 1394; x_wconf 84' lang='lat' dir='ltr'>deinde</span> <span class='ocrx_word' id='word_1_264' title='bbox 1321 1360 1506 1404; x_wconf 80' lang='lat' dir='ltr'>praescntem,</span> <span class='ocrx_word' id='word_1_265' title='bbox 1519 1371 1592 1405; x_wconf 84' lang='lat' dir='ltr'>ergo</span> <span class='ocrx_word' id='word_1_266' title='bbox 1602 1364 1641 1395; x_wconf 85' lang='lat' dir='ltr'>est</span> <span class='ocrx_word' id='word_1_267' title='bbox 1650 1362 1811 1396; x_wconf 55' lang='lat' dir='ltr'>mutabilis</span> <span class='ocrx_word' id='word_1_268' title='bbox 1826 1363 1857 1396; x_wconf 93' lang='lat' dir='ltr'>C</span> 
     </span>
     <span class='ocr_line' id='line_1_25' title="bbox 328 1406 1816 1456; baseline -0.005 -8"><span class='ocrx_word' id='word_1_269' title='bbox 328 1416 487 1448; x_wconf 75' lang='lat' dir='ltr'>Voluntas</span> <span class='ocrx_word' id='word_1_270' title='bbox 495 1424 620 1456; x_wconf 81' lang='lat' dir='ltr'>quoque</span> <span class='ocrx_word' id='word_1_271' title='bbox 630 1413 732 1446; x_wconf 78' lang='lat' dir='ltr'>diuina</span> <span class='ocrx_word' id='word_1_272' title='bbox 748 1423 810 1444; x_wconf 89' lang='lat' dir='ltr'>nori</span> <span class='ocrx_word' id='word_1_273' title='bbox 829 1413 868 1443; x_wconf 88' lang='lat' dir='ltr'>est</span> <span class='ocrx_word' id='word_1_274' title='bbox 883 1412 977 1453; x_wconf 83' lang='lat' dir='ltr'>magis</span> <span class='ocrx_word' id='word_1_275' title='bbox 997 1406 1154 1441; x_wconf 79' lang='lat' dir='ltr'>necessaria</span> <span class='ocrx_word' id='word_1_276' title='bbox 1168 1406 1299 1451; x_wconf 68' lang='lat' dir='ltr'>respeehi</span> <span class='ocrx_word' id='word_1_277' title='bbox 1316 1415 1532 1450; x_wconf 76' lang='lat' dir='ltr'>ptaeteritorum</span> <span class='ocrx_word' id='word_1_278' title='bbox 1553 1408 1599 1439; x_wconf 88' lang='lat' dir='ltr'>vel</span> <span class='ocrx_word' id='word_1_279' title='bbox 1614 1407 1816 1452; x_wconf 66' lang='lat' dir='ltr'>praesentium,</span> 
     </span>
     <span class='ocr_line' id='line_1_26' title="bbox 330 1451 1816 1505; baseline -0.003 -12"><span class='ocrx_word' id='word_1_280' title='bbox 330 1463 425 1505; x_wconf 61' lang='lat' dir='ltr'>quam</span> <span class='ocrx_word' id='word_1_281' title='bbox 435 1461 618 1497; x_wconf 80' lang='lat' dir='ltr'>futurorum,</span> <span class='ocrx_word' id='word_1_282' title='bbox 628 1459 698 1491; x_wconf 86' lang='lat' dir='ltr'>sicut</span> <span class='ocrx_word' id='word_1_283' title='bbox 707 1457 888 1491; x_wconf 83' lang='lat' dir='ltr'>tricesimum</span> <span class='ocrx_word' id='word_1_284' title='bbox 898 1455 986 1489; x_wconf 82' lang='lat' dir='ltr'>huius</span> <span class='ocrx_word' id='word_1_285' title='bbox 994 1457 1092 1487; x_wconf 85' lang='lat' dir='ltr'>docet.</span> <span class='ocrx_word' id='word_1_286' title='bbox 1120 1453 1157 1485; x_wconf 77' lang='lat' dir='ltr'>Et</span> <span class='ocrx_word' id='word_1_287' title='bbox 1169 1452 1188 1485; x_wconf 84' lang='lat' dir='ltr'>si</span> <span class='ocrx_word' id='word_1_288' title='bbox 1198 1455 1267 1497; x_wconf 81' lang='lat' dir='ltr'>quis</span> <span class='ocrx_word' id='word_1_289' title='bbox 1274 1451 1373 1484; x_wconf 83' lang='lat' dir='ltr'>adhuc</span> <span class='ocrx_word' id='word_1_290' title='bbox 1380 1452 1462 1486; x_wconf 87' lang='lat' dir='ltr'>aliter</span> <span class='ocrx_word' id='word_1_291' title='bbox 1470 1451 1589 1492; x_wconf 80' lang='lat' dir='ltr'>dixerit,</span> <span class='ocrx_word' id='word_1_292' title='bbox 1605 1455 1692 1498; x_wconf 81' lang='lat' dir='ltr'>quod</span> <span class='ocrx_word' id='word_1_293' title='bbox 1702 1452 1721 1486; x_wconf 84' lang='lat' dir='ltr'>si</span> <span class='ocrx_word' id='word_1_294' title='bbox 1728 1454 1816 1488; x_wconf 83' lang='lat' dir='ltr'>Deus</span> 
     </span>
     <span class='ocr_line' id='line_1_27' title="bbox 330 1496 1817 1549; baseline -0.005 -11"><span class='ocrx_word' id='word_1_295' title='bbox 330 1505 426 1548; x_wconf 82' lang='lat' dir='ltr'>poffet</span> <span class='ocrx_word' id='word_1_296' title='bbox 436 1507 500 1549; x_wconf 88' lang='lat' dir='ltr'>post</span> <span class='ocrx_word' id='word_1_297' title='bbox 508 1504 569 1537; x_wconf 87' lang='lat' dir='ltr'>hoc</span> <span class='ocrx_word' id='word_1_298' title='bbox 577 1505 660 1537; x_wconf 88' lang='lat' dir='ltr'>nolle</span> <span class='ocrx_word' id='word_1_299' title='bbox 670 1504 707 1536; x_wconf 91' lang='lat' dir='ltr'>de</span> <span class='ocrx_word' id='word_1_300' title='bbox 716 1502 771 1536; x_wconf 83' lang='lat' dir='ltr'>hac</span> <span class='ocrx_word' id='word_1_301' title='bbox 781 1514 811 1535; x_wconf 89' lang='lat' dir='ltr'>re</span> <span class='ocrx_word' id='word_1_302' title='bbox 821 1500 1008 1546; x_wconf 79' lang='lat' dir='ltr'>ptaesentivel</span> <span class='ocrx_word' id='word_1_303' title='bbox 1019 1500 1165 1544; x_wconf 80' lang='lat' dir='ltr'>ptaetctita</span> <span class='ocrx_word' id='word_1_304' title='bbox 1175 1498 1269 1543; x_wconf 71' lang='lat' dir='ltr'>ipsam</span> <span class='ocrx_word' id='word_1_305' title='bbox 1278 1496 1362 1530; x_wconf 75' lang='lat' dir='ltr'>fuisse</span> <span class='ocrx_word' id='word_1_306' title='bbox 1371 1498 1514 1537; x_wconf 81' lang='lat' dir='ltr'>suturam,</span> <span class='ocrx_word' id='word_1_307' title='bbox 1530 1509 1622 1541; x_wconf 87' lang='lat' dir='ltr'>quam</span> <span class='ocrx_word' id='word_1_308' title='bbox 1640 1500 1752 1542; x_wconf 82' lang='lat' dir='ltr'>semper</span> <span class='ocrx_word' id='word_1_309' title='bbox 1760 1510 1817 1533; x_wconf 88' lang='lat' dir='ltr'>vo-</span> 
     </span>
     <span class='ocr_line' id='line_1_28' title="bbox 331 1542 1817 1591; baseline -0.003 -9"><span class='ocrx_word' id='word_1_310' title='bbox 331 1552 387 1584; x_wconf 88' lang='lat' dir='ltr'>luit</span> <span class='ocrx_word' id='word_1_311' title='bbox 398 1549 479 1584; x_wconf 82' lang='lat' dir='ltr'>fuisse</span> <span class='ocrx_word' id='word_1_312' title='bbox 487 1551 630 1585; x_wconf 88' lang='lat' dir='ltr'>futuram.</span> <span class='ocrx_word' id='word_1_313' title='bbox 649 1557 679 1583; x_wconf 71' lang='lat' dir='ltr'>sc</span> <span class='ocrx_word' id='word_1_314' title='bbox 689 1549 751 1581; x_wconf 84' lang='lat' dir='ltr'>lioc</span> <span class='ocrx_word' id='word_1_315' title='bbox 761 1549 881 1585; x_wconf 75' lang='lat' dir='ltr'>faceret,</span> <span class='ocrx_word' id='word_1_316' title='bbox 898 1546 960 1591; x_wconf 83' lang='lat' dir='ltr'>ipsa</span> <span class='ocrx_word' id='word_1_317' title='bbox 970 1557 1013 1579; x_wconf 86' lang='lat' dir='ltr'>res</span> <span class='ocrx_word' id='word_1_318' title='bbox 1022 1546 1091 1580; x_wconf 65' lang='lat' dir='ltr'>ess&#39;et</span> <span class='ocrx_word' id='word_1_319' title='bbox 1107 1544 1270 1583; x_wconf 82' lang='lat' dir='ltr'>mutabilis,</span> <span class='ocrx_word' id='word_1_320' title='bbox 1285 1545 1316 1577; x_wconf 75' lang='grc' dir='ltr'>ὅ(</span> <span class='ocrx_word' id='word_1_321' title='bbox 1334 1543 1494 1577; x_wconf 68' lang='lat' dir='ltr'>necessari&amp;</span> <span class='ocrx_word' id='word_1_322' title='bbox 1504 1555 1670 1579; x_wconf 80' lang='lat' dir='ltr'>mutaretur</span> <span class='ocrx_word' id='word_1_323' title='bbox 1684 1545 1721 1578; x_wconf 89' lang='lat' dir='ltr'>de</span> <span class='ocrx_word' id='word_1_324' title='bbox 1735 1542 1817 1578; x_wconf 79' lang='lat' dir='ltr'>fuisse</span> 
     </span>
     <span class='ocr_line' id='line_1_29' title="bbox 333 1589 1818 1634; baseline -0.003 -5"><span class='ocrx_word' id='word_1_325' title='bbox 333 1598 469 1631; x_wconf 80' lang='lat' dir='ltr'>futurum</span> <span class='ocrx_word' id='word_1_326' title='bbox 479 1598 508 1628; x_wconf 88' lang='lat' dir='ltr'>in</span> <span class='ocrx_word' id='word_1_327' title='bbox 521 1606 583 1629; x_wconf 89' lang='lat' dir='ltr'>non</span> <span class='ocrx_word' id='word_1_328' title='bbox 594 1595 676 1628; x_wconf 82' lang='lat' dir='ltr'>fuisie</span> <span class='ocrx_word' id='word_1_329' title='bbox 685 1594 836 1633; x_wconf 86' lang='lat' dir='ltr'>futurum,</span> <span class='ocrx_word' id='word_1_330' title='bbox 849 1605 912 1626; x_wconf 86' lang='lat' dir='ltr'>non</span> <span class='ocrx_word' id='word_1_331' title='bbox 923 1593 959 1624; x_wconf 83' lang='lat' dir='ltr'>sic</span> <span class='ocrx_word' id='word_1_332' title='bbox 967 1602 1069 1626; x_wconf 86' lang='lat' dir='ltr'>autem</span> <span class='ocrx_word' id='word_1_333' title='bbox 1077 1591 1114 1625; x_wconf 87' lang='lat' dir='ltr'>de</span> <span class='ocrx_word' id='word_1_334' title='bbox 1123 1603 1153 1623; x_wconf 90' lang='lat' dir='ltr'>re</span> <span class='ocrx_word' id='word_1_335' title='bbox 1161 1589 1261 1622; x_wconf 86' lang='lat' dir='ltr'>futura</span> <span class='ocrx_word' id='word_1_336' title='bbox 1277 1601 1286 1624; x_wconf 78' lang='lat'>5</span> <span class='ocrx_word' id='word_1_337' title='bbox 1302 1600 1395 1634; x_wconf 81' lang='lat' dir='ltr'>quare</span> <span class='ocrx_word' id='word_1_338' title='bbox 1404 1596 1435 1624; x_wconf 87' lang='lat'>&amp;</span> <span class='ocrx_word' id='word_1_339' title='bbox 1443 1591 1587 1624; x_wconf 77' lang='lat' dir='ltr'>voluntas</span> <span class='ocrx_word' id='word_1_340' title='bbox 1596 1591 1698 1624; x_wconf 85' lang='lat' dir='ltr'>diuina</span> <span class='ocrx_word' id='word_1_341' title='bbox 1706 1590 1818 1624; x_wconf 78' lang='lat' dir='ltr'>hicne·</span> 
     </span>
     <span class='ocr_line' id='line_1_30' title="bbox 331 1634 1818 1681; baseline -0.004 -6"><span class='ocrx_word' id='word_1_342' title='bbox 331 1642 454 1676; x_wconf 73' lang='lat' dir='ltr'>cessario</span> <span class='ocrx_word' id='word_1_343' title='bbox 466 1652 703 1675; x_wconf 82' lang='lat' dir='ltr'>commutaretur</span> <span class='ocrx_word' id='word_1_344' title='bbox 712 1640 843 1673; x_wconf 85' lang='lat' dir='ltr'>fimiliter</span> <span class='ocrx_word' id='word_1_345' title='bbox 851 1641 882 1675; x_wconf 75' lang='grc' dir='ltr'>ὅ(</span> <span class='ocrx_word' id='word_1_346' title='bbox 891 1651 953 1672; x_wconf 90' lang='lat' dir='ltr'>non</span> <span class='ocrx_word' id='word_1_347' title='bbox 962 1638 1013 1670; x_wconf 87' lang='lat' dir='ltr'>ibi.</span> <span class='ocrx_word' id='word_1_348' title='bbox 1039 1636 1097 1670; x_wconf 89' lang='lat' dir='ltr'>Sed</span> <span class='ocrx_word' id='word_1_349' title='bbox 1107 1646 1196 1681; x_wconf 83' lang='lat' dir='ltr'>quare</span> <span class='ocrx_word' id='word_1_350' title='bbox 1204 1637 1301 1680; x_wconf 71' lang='lat' dir='ltr'>magis</span> <span class='ocrx_word' id='word_1_351' title='bbox 1317 1638 1346 1669; x_wconf 89' lang='lat' dir='ltr'>in</span> <span class='ocrx_word' id='word_1_352' title='bbox 1362 1634 1423 1668; x_wconf 89' lang='lat' dir='ltr'>hoc</span> <span class='ocrx_word' id='word_1_353' title='bbox 1431 1637 1498 1668; x_wconf 85' lang='lat' dir='ltr'>casu</span> <span class='ocrx_word' id='word_1_354' title='bbox 1506 1647 1551 1671; x_wconf 89' lang='lat' dir='ltr'>res</span> <span class='ocrx_word' id='word_1_355' title='bbox 1559 1638 1683 1679; x_wconf 84' lang='lat' dir='ltr'>praesens</span> <span class='ocrx_word' id='word_1_356' title='bbox 1691 1636 1738 1670; x_wconf 90' lang='lat' dir='ltr'>vel</span> <span class='ocrx_word' id='word_1_357' title='bbox 1747 1647 1818 1680; x_wconf 73' lang='lat' dir='ltr'>pta:-</span> 
     </span>
     <span class='ocr_line' id='line_1_31' title="bbox 332 1681 1819 1732; baseline -0.005 -12"><span class='ocrx_word' id='word_1_358' title='bbox 332 1691 419 1721; x_wconf 79' lang='lat' dir='ltr'>tetim</span> <span class='ocrx_word' id='word_1_359' title='bbox 427 1689 699 1732; x_wconf 70' lang='lat' dir='ltr'>mutaretur,quam</span> <span class='ocrx_word' id='word_1_360' title='bbox 709 1698 754 1719; x_wconf 81' lang='lat' dir='ltr'>tes</span> <span class='ocrx_word' id='word_1_361' title='bbox 762 1686 857 1718; x_wconf 84' lang='lat' dir='ltr'>futura</span> <span class='ocrx_word' id='word_1_362' title='bbox 870 1692 878 1715; x_wconf 69' lang='grc' dir='ltr'><em>ἒ</em></span> <span class='ocrx_word' id='word_1_363' title='bbox 893 1683 987 1718; x_wconf 84' lang='lat' dir='ltr'>Nulla</span> <span class='ocrx_word' id='word_1_364' title='bbox 997 1685 1075 1716; x_wconf 83' lang='lat' dir='ltr'>enim</span> <span class='ocrx_word' id='word_1_365' title='bbox 1087 1685 1171 1715; x_wconf 76' lang='lat' dir='ltr'>causa</span> <span class='ocrx_word' id='word_1_366' title='bbox 1183 1692 1238 1714; x_wconf 87' lang='lat' dir='ltr'>nec</span> <span class='ocrx_word' id='word_1_367' title='bbox 1247 1684 1324 1714; x_wconf 84' lang='lat' dir='ltr'>tatio</span> <span class='ocrx_word' id='word_1_368' title='bbox 1332 1681 1585 1726; x_wconf 85' lang='lat' dir='ltr'>poiestreddi,nifi</span> <span class='ocrx_word' id='word_1_369' title='bbox 1596 1684 1664 1726; x_wconf 86' lang='lat' dir='ltr'>quia</span> <span class='ocrx_word' id='word_1_370' title='bbox 1671 1693 1734 1716; x_wconf 82' lang='lat' dir='ltr'>rem</span> <span class='ocrx_word' id='word_1_371' title='bbox 1744 1693 1819 1725; x_wconf 79' lang='lat' dir='ltr'>prae-</span> 
     </span>
     <span class='ocr_line' id='line_1_32' title="bbox 332 1727 1818 1776; baseline -0.005 -10"><span class='ocrx_word' id='word_1_372' title='bbox 332 1733 445 1766; x_wconf 84' lang='lat' dir='ltr'>sentem</span> <span class='ocrx_word' id='word_1_373' title='bbox 456 1733 502 1766; x_wconf 78' lang='lat' dir='ltr'>vel</span> <span class='ocrx_word' id='word_1_374' title='bbox 513 1735 693 1776; x_wconf 85' lang='lat' dir='ltr'>praeteritam</span> <span class='ocrx_word' id='word_1_375' title='bbox 704 1729 817 1765; x_wconf 79' lang='lat' dir='ltr'>necesse</span> <span class='ocrx_word' id='word_1_376' title='bbox 826 1731 865 1763; x_wconf 86' lang='lat' dir='ltr'>est</span> <span class='ocrx_word' id='word_1_377' title='bbox 873 1731 988 1774; x_wconf 85' lang='lat' dir='ltr'>semper</span> <span class='ocrx_word' id='word_1_378' title='bbox 997 1730 1080 1761; x_wconf 83' lang='lat' dir='ltr'>fuisse</span> <span class='ocrx_word' id='word_1_379' title='bbox 1089 1728 1233 1766; x_wconf 81' lang='lat' dir='ltr'>fututam,</span> <span class='ocrx_word' id='word_1_380' title='bbox 1251 1732 1281 1762; x_wconf 86' lang='lat'>&amp;</span> <span class='ocrx_word' id='word_1_381' title='bbox 1296 1729 1397 1761; x_wconf 90' lang='lat' dir='ltr'>Deum</span> <span class='ocrx_word' id='word_1_382' title='bbox 1408 1727 1523 1770; x_wconf 87' lang='lat' dir='ltr'>semper</span> <span class='ocrx_word' id='word_1_383' title='bbox 1530 1729 1724 1761; x_wconf 87' lang='lat' dir='ltr'>conformiter</span> <span class='ocrx_word' id='word_1_384' title='bbox 1731 1728 1818 1760; x_wconf 86' lang='lat' dir='ltr'>volu-</span> 
     </span>
     <span class='ocr_line' id='line_1_33' title="bbox 333 1773 1817 1819; baseline -0.004 -7"><span class='ocrx_word' id='word_1_385' title='bbox 333 1778 396 1819; x_wconf 84' lang='lat' dir='ltr'>isse,</span> <span class='ocrx_word' id='word_1_386' title='bbox 409 1781 438 1813; x_wconf 72' lang='grc' dir='ltr'>ὃ(</span> <span class='ocrx_word' id='word_1_387' title='bbox 449 1790 510 1811; x_wconf 88' lang='lat' dir='ltr'>non</span> <span class='ocrx_word' id='word_1_388' title='bbox 521 1777 557 1810; x_wconf 80' lang='lat' dir='ltr'>sic</span> <span class='ocrx_word' id='word_1_389' title='bbox 567 1779 604 1811; x_wconf 89' lang='lat' dir='ltr'>de</span> <span class='ocrx_word' id='word_1_390' title='bbox 613 1790 643 1811; x_wconf 91' lang='lat' dir='ltr'>re</span> <span class='ocrx_word' id='word_1_391' title='bbox 652 1779 765 1813; x_wconf 85' lang='lat' dir='ltr'>futura,</span> <span class='ocrx_word' id='word_1_392' title='bbox 781 1784 812 1809; x_wconf 75' lang='grc' dir='ltr'>δε</span> <span class='ocrx_word' id='word_1_393' title='bbox 829 1776 866 1809; x_wconf 82' lang='lat' dir='ltr'>sic</span> <span class='ocrx_word' id='word_1_394' title='bbox 876 1778 928 1809; x_wconf 88' lang='lat' dir='ltr'>ista</span> <span class='ocrx_word' id='word_1_395' title='bbox 939 1774 1092 1818; x_wconf 81' lang='lat' dir='ltr'>responsio</span> <span class='ocrx_word' id='word_1_396' title='bbox 1104 1773 1203 1806; x_wconf 87' lang='lat' dir='ltr'>similis</span> <span class='ocrx_word' id='word_1_397' title='bbox 1213 1775 1252 1806; x_wconf 83' lang='lat' dir='ltr'>est</span> <span class='ocrx_word' id='word_1_398' title='bbox 1272 1774 1373 1817; x_wconf 83' lang='lat' dir='ltr'>priori.</span> <span class='ocrx_word' id='word_1_399' title='bbox 1399 1773 1525 1805; x_wconf 85' lang='lat' dir='ltr'>Rursum</span> <span class='ocrx_word' id='word_1_400' title='bbox 1534 1773 1672 1811; x_wconf 75' lang='lat' dir='ltr'>adidem,</span> <span class='ocrx_word' id='word_1_401' title='bbox 1688 1774 1817 1806; x_wconf 83' lang='lat' dir='ltr'>Mutatio</span> 
     </span>
     <span class='ocr_line' id='line_1_34' title="bbox 334 1817 1815 1866; baseline -0.003 -9"><span class='ocrx_word' id='word_1_402' title='bbox 334 1828 364 1857; x_wconf 88' lang='lat' dir='ltr'>in</span> <span class='ocrx_word' id='word_1_403' title='bbox 376 1823 483 1857; x_wconf 75' lang='lat' dir='ltr'>effcCtu</span> <span class='ocrx_word' id='word_1_404' title='bbox 494 1836 556 1856; x_wconf 91' lang='lat' dir='ltr'>non</span> <span class='ocrx_word' id='word_1_405' title='bbox 568 1826 606 1857; x_wconf 86' lang='lat' dir='ltr'>est</span> <span class='ocrx_word' id='word_1_406' title='bbox 614 1826 699 1856; x_wconf 77' lang='lat' dir='ltr'>causa</span> <span class='ocrx_word' id='word_1_407' title='bbox 708 1826 888 1856; x_wconf 81' lang='lat' dir='ltr'>mutationis</span> <span class='ocrx_word' id='word_1_408' title='bbox 897 1825 927 1855; x_wconf 90' lang='lat' dir='ltr'>in</span> <span class='ocrx_word' id='word_1_409' title='bbox 936 1832 1056 1866; x_wconf 79' lang='lat' dir='ltr'>agente,</span> <span class='ocrx_word' id='word_1_410' title='bbox 1075 1819 1123 1852; x_wconf 89' lang='lat' dir='ltr'>scd</span> <span class='ocrx_word' id='word_1_411' title='bbox 1138 1822 1234 1863; x_wconf 80' lang='lat' dir='ltr'>magis</span> <span class='ocrx_word' id='word_1_412' title='bbox 1250 1820 1266 1851; x_wconf 80' lang='grc' dir='ltr'>ὲ</span> <span class='ocrx_word' id='word_1_413' title='bbox 1280 1817 1455 1857; x_wconf 80' lang='lat' dir='ltr'>contra,vbi</span> <span class='ocrx_word' id='word_1_414' title='bbox 1471 1817 1505 1851; x_wconf 85' lang='lat' dir='ltr'>fit</span> <span class='ocrx_word' id='word_1_415' title='bbox 1518 1820 1684 1852; x_wconf 84' lang='lat' dir='ltr'>mutatioin</span> <span class='ocrx_word' id='word_1_416' title='bbox 1694 1830 1815 1863; x_wconf 80' lang='lat' dir='ltr'>agente,</span> 
     </span>
     <span class='ocr_line' id='line_1_35' title="bbox 334 1864 1860 1908; baseline -0.004 -5"><span class='ocrx_word' id='word_1_417' title='bbox 334 1875 366 1902; x_wconf 74' lang='grc' dir='ltr'>δι</span> <span class='ocrx_word' id='word_1_418' title='bbox 377 1871 509 1903; x_wconf 74' lang='lat' dir='ltr'>maxime</span> <span class='ocrx_word' id='word_1_419' title='bbox 521 1872 550 1902; x_wconf 91' lang='lat' dir='ltr'>in</span> <span class='ocrx_word' id='word_1_420' title='bbox 559 1870 667 1903; x_wconf 72' lang='lat' dir='ltr'>cffthi</span> <span class='ocrx_word' id='word_1_421' title='bbox 676 1871 839 1902; x_wconf 70' lang='lat' dir='ltr'>voluntatis</span> <span class='ocrx_word' id='word_1_422' title='bbox 847 1868 953 1900; x_wconf 72' lang='lat' dir='ltr'>diuinae</span> <span class='ocrx_word' id='word_1_423' title='bbox 970 1882 977 1900; x_wconf 87' lang='lat'>:</span> <span class='ocrx_word' id='word_1_424' title='bbox 996 1867 1069 1899; x_wconf 59' lang='lat' dir='ltr'>alias</span> <span class='ocrx_word' id='word_1_425' title='bbox 1078 1867 1157 1899; x_wconf 88' lang='lat' dir='ltr'>enim</span> <span class='ocrx_word' id='word_1_426' title='bbox 1167 1865 1205 1897; x_wconf 79' lang='lat' dir='ltr'>ad</span> <span class='ocrx_word' id='word_1_427' title='bbox 1213 1867 1413 1897; x_wconf 86' lang='lat' dir='ltr'>mutationem</span> <span class='ocrx_word' id='word_1_428' title='bbox 1423 1868 1544 1897; x_wconf 85' lang='lat' dir='ltr'>suorum</span> <span class='ocrx_word' id='word_1_429' title='bbox 1553 1864 1816 1898; x_wconf 70' lang='lat' dir='ltr'>effectuumconti-</span> <span class='ocrx_word' id='word_1_430' title='bbox 1825 1874 1860 1908; x_wconf 84' lang='lat' dir='ltr'>D</span> 
     </span>
     <span class='ocr_line' id='line_1_36' title="bbox 334 1908 1817 1959; baseline -0.003 -12"><span class='ocrx_word' id='word_1_431' title='bbox 334 1919 396 1949; x_wconf 69' lang='lat' dir='ltr'>nui}</span> <span class='ocrx_word' id='word_1_432' title='bbox 408 1927 569 1948; x_wconf 67' lang='lat' dir='ltr'>mutaretur</span> <span class='ocrx_word' id='word_1_433' title='bbox 578 1927 586 1950; x_wconf 82' lang='lat'>;</span> <span class='ocrx_word' id='word_1_434' title='bbox 595 1916 655 1958; x_wconf 81' lang='lat' dir='ltr'>ipsa</span> <span class='ocrx_word' id='word_1_435' title='bbox 664 1926 787 1959; x_wconf 87' lang='lat' dir='ltr'>quoque</span> <span class='ocrx_word' id='word_1_436' title='bbox 796 1916 835 1947; x_wconf 84' lang='lat' dir='ltr'>est</span> <span class='ocrx_word' id='word_1_437' title='bbox 843 1913 1041 1957; x_wconf 63' lang='lat' dir='ltr'>impasmbssss,</span> <span class='ocrx_word' id='word_1_438' title='bbox 1049 1909 1252 1948; x_wconf 81' lang='lat' dir='ltr'>inalterabilis,</span> <span class='ocrx_word' id='word_1_439' title='bbox 1260 1908 1514 1953; x_wconf 80' lang='lat' dir='ltr'>immutabilisque</span> <span class='ocrx_word' id='word_1_440' title='bbox 1521 1910 1650 1943; x_wconf 75' lang='lat' dir='ltr'>omnino</span> <span class='ocrx_word' id='word_1_441' title='bbox 1659 1911 1676 1942; x_wconf 64' lang='lat' dir='ltr'>it</span> <span class='ocrx_word' id='word_1_442' title='bbox 1685 1909 1741 1943; x_wconf 83' lang='lat' dir='ltr'>suis</span> <span class='ocrx_word' id='word_1_443' title='bbox 1749 1909 1817 1944; x_wconf 75' lang='lat' dir='ltr'>effe-</span> 
     </span>
     <span class='ocr_line' id='line_1_37' title="bbox 334 1955 1817 2002; baseline -0.004 -8"><span class='ocrx_word' id='word_1_444' title='bbox 334 1963 434 1995; x_wconf 69' lang='lat' dir='ltr'>stibus</span> <span class='ocrx_word' id='word_1_445' title='bbox 445 1959 598 1999; x_wconf 81' lang='lat' dir='ltr'>vniueriis,</span> <span class='ocrx_word' id='word_1_446' title='bbox 607 1962 679 1993; x_wconf 84' lang='lat' dir='ltr'>sicut</span> <span class='ocrx_word' id='word_1_447' title='bbox 689 1960 863 1993; x_wconf 80' lang='lat' dir='ltr'>vicesimum</span> <span class='ocrx_word' id='word_1_448' title='bbox 871 1962 962 2002; x_wconf 84' lang='lat' dir='ltr'>primi</span> <span class='ocrx_word' id='word_1_449' title='bbox 972 1961 1070 1991; x_wconf 86' lang='lat' dir='ltr'>docet.</span> <span class='ocrx_word' id='word_1_450' title='bbox 1089 1957 1167 1989; x_wconf 84' lang='lat' dir='ltr'>Item</span> <span class='ocrx_word' id='word_1_451' title='bbox 1177 1956 1252 1988; x_wconf 82' lang='lat' dir='ltr'>istud</span> <span class='ocrx_word' id='word_1_452' title='bbox 1261 1955 1378 1988; x_wconf 87' lang='lat' dir='ltr'>videtur</span> <span class='ocrx_word' id='word_1_453' title='bbox 1388 1956 1467 1999; x_wconf 81' lang='lat' dir='ltr'>quasi</span> <span class='ocrx_word' id='word_1_454' title='bbox 1478 1967 1536 1989; x_wconf 81' lang='lat' dir='ltr'>vna</span> <span class='ocrx_word' id='word_1_455' title='bbox 1544 1957 1716 1991; x_wconf 83' lang='lat' dir='ltr'>communis</span> <span class='ocrx_word' id='word_1_456' title='bbox 1724 1958 1817 1991; x_wconf 82' lang='lat' dir='ltr'>animi</span> 
     </span>
     <span class='ocr_line' id='line_1_38' title="bbox 335 1999 1817 2049; baseline -0.006 -9"><span class='ocrx_word' id='word_1_457' title='bbox 335 2009 495 2049; x_wconf 86' lang='lat' dir='ltr'>conceptio</span> <span class='ocrx_word' id='word_1_458' title='bbox 505 2007 585 2049; x_wconf 79' lang='lat' dir='ltr'>apud</span> <span class='ocrx_word' id='word_1_459' title='bbox 592 2018 699 2039; x_wconf 79' lang='lat' dir='ltr'>omnes</span> <span class='ocrx_word' id='word_1_460' title='bbox 710 2021 719 2045; x_wconf 72' lang='grc' dir='ltr'><strong>ς</strong></span> <span class='ocrx_word' id='word_1_461' title='bbox 728 2017 822 2038; x_wconf 89' lang='lat' dir='ltr'>omne</span> <span class='ocrx_word' id='word_1_462' title='bbox 830 2005 912 2047; x_wconf 86' lang='lat' dir='ltr'>quod</span> <span class='ocrx_word' id='word_1_463' title='bbox 920 2006 957 2038; x_wconf 73' lang='lat' dir='ltr'>esi</span> <span class='ocrx_word' id='word_1_464' title='bbox 967 2007 1053 2036; x_wconf 81' lang='lat' dir='ltr'>vni&#39;us</span> <span class='ocrx_word' id='word_1_465' title='bbox 1060 2001 1273 2046; x_wconf 81' lang='lat' dir='ltr'>dispositionis,</span> <span class='ocrx_word' id='word_1_466' title='bbox 1282 2003 1312 2036; x_wconf 72' lang='grc' dir='ltr'>ὅ(</span> <span class='ocrx_word' id='word_1_467' title='bbox 1321 2003 1417 2044; x_wconf 81' lang='lat' dir='ltr'>petest</span> <span class='ocrx_word' id='word_1_468' title='bbox 1425 1999 1480 2033; x_wconf 77' lang='lat' dir='ltr'>esst</span> <span class='ocrx_word' id='word_1_469' title='bbox 1489 2000 1711 2045; x_wconf 75' lang='lat' dir='ltr'>oppofitae,hoc</span> <span class='ocrx_word' id='word_1_470' title='bbox 1720 2003 1817 2045; x_wconf 74' lang='lat' dir='ltr'>potest</span> 
     </span>
     <span class='ocr_line' id='line_1_39' title="bbox 336 2045 1820 2097; baseline -0.005 -13"><span class='ocrx_word' id='word_1_471' title='bbox 336 2054 530 2097; x_wconf 79' lang='lat' dir='ltr'>peraliquatn</span> <span class='ocrx_word' id='word_1_472' title='bbox 540 2054 755 2091; x_wconf 83' lang='lat' dir='ltr'>mutationem,</span> <span class='ocrx_word' id='word_1_473' title='bbox 772 2051 933 2095; x_wconf 86' lang='lat' dir='ltr'>loquendo</span> <span class='ocrx_word' id='word_1_474' title='bbox 942 2050 1122 2095; x_wconf 77' lang='lat' dir='ltr'>depotentia</span> <span class='ocrx_word' id='word_1_475' title='bbox 1132 2050 1175 2080; x_wconf 72' lang='lat' dir='ltr'>afi</span> <span class='ocrx_word' id='word_1_476' title='bbox 1182 2047 1281 2085; x_wconf 78' lang='lat' dir='ltr'>nabili,</span> <span class='ocrx_word' id='word_1_477' title='bbox 1292 2048 1321 2082; x_wconf 74' lang='grc' dir='ltr'>ὃ(</span> <span class='ocrx_word' id='word_1_478' title='bbox 1331 2058 1392 2079; x_wconf 89' lang='lat' dir='ltr'>non</span> <span class='ocrx_word' id='word_1_479' title='bbox 1403 2047 1517 2090; x_wconf 85' lang='lat' dir='ltr'>penitus</span> <span class='ocrx_word' id='word_1_480' title='bbox 1527 2045 1672 2080; x_wconf 81' lang='lat' dir='ltr'>absoluta.</span> <span class='ocrx_word' id='word_1_481' title='bbox 1691 2050 1764 2083; x_wconf 87' lang='lat' dir='ltr'>Hoc</span> <span class='ocrx_word' id='word_1_482' title='bbox 1775 2052 1820 2083; x_wconf 85' lang='lat' dir='ltr'>vi-</span> 
     </span>
     <span class='ocr_line' id='line_1_40' title="bbox 336 2092 1817 2139; baseline -0.003 -8"><span class='ocrx_word' id='word_1_483' title='bbox 336 2101 422 2131; x_wconf 87' lang='lat' dir='ltr'>detur</span> <span class='ocrx_word' id='word_1_484' title='bbox 432 2101 461 2130; x_wconf 85' lang='lat' dir='ltr'>in</span> <span class='ocrx_word' id='word_1_485' title='bbox 471 2100 555 2130; x_wconf 89' lang='lat' dir='ltr'>omni</span> <span class='ocrx_word' id='word_1_486' title='bbox 566 2098 619 2130; x_wconf 83' lang='lat' dir='ltr'>alia</span> <span class='ocrx_word' id='word_1_487' title='bbox 628 2101 750 2131; x_wconf 82' lang='lat' dir='ltr'>materia</span> <span class='ocrx_word' id='word_1_488' title='bbox 759 2108 821 2130; x_wconf 85' lang='lat' dir='ltr'>tam</span> <span class='ocrx_word' id='word_1_489' title='bbox 830 2095 977 2131; x_wconf 78' lang='lat' dir='ltr'>absoluta,</span> <span class='ocrx_word' id='word_1_490' title='bbox 994 2096 1086 2139; x_wconf 69' lang='lat' dir='ltr'>quam</span> <span class='ocrx_word' id='word_1_491' title='bbox 1104 2103 1193 2126; x_wconf 85' lang='lat' dir='ltr'>etiarn</span> <span class='ocrx_word' id='word_1_492' title='bbox 1210 2093 1342 2125; x_wconf 82' lang='lat' dir='ltr'>relatiua.</span> <span class='ocrx_word' id='word_1_493' title='bbox 1373 2093 1455 2125; x_wconf 83' lang='lat' dir='ltr'>Nam</span> <span class='ocrx_word' id='word_1_494' title='bbox 1464 2092 1485 2125; x_wconf 85' lang='lat' dir='ltr'><strong>fi</strong></span> <span class='ocrx_word' id='word_1_495' title='bbox 1498 2092 1559 2124; x_wconf 90' lang='lat' dir='ltr'>hoc</span> <span class='ocrx_word' id='word_1_496' title='bbox 1570 2103 1633 2125; x_wconf 90' lang='lat' dir='ltr'>non</span> <span class='ocrx_word' id='word_1_497' title='bbox 1642 2094 1681 2126; x_wconf 86' lang='lat' dir='ltr'>est</span> <span class='ocrx_word' id='word_1_498' title='bbox 1691 2107 1755 2132; x_wconf 87' lang='lat' dir='ltr'>ens,</span> <span class='ocrx_word' id='word_1_499' title='bbox 1771 2096 1817 2127; x_wconf 87' lang='lat' dir='ltr'>vel</span> 
     </span>
     <span class='ocr_line' id='line_1_41' title="bbox 334 2136 1818 2187; baseline -0.005 -11"><span class='ocrx_word' id='word_1_500' title='bbox 334 2145 448 2183; x_wconf 89' lang='lat' dir='ltr'>homo,</span> <span class='ocrx_word' id='word_1_501' title='bbox 457 2144 504 2175; x_wconf 85' lang='lat' dir='ltr'>vel</span> <span class='ocrx_word' id='word_1_502' title='bbox 514 2143 659 2180; x_wconf 80' lang='lat' dir='ltr'>calidum,</span> <span class='ocrx_word' id='word_1_503' title='bbox 668 2145 697 2178; x_wconf 66' lang='lat' dir='ltr'>b&lt;</span> <span class='ocrx_word' id='word_1_504' title='bbox 706 2145 801 2187; x_wconf 81' lang='lat' dir='ltr'>potest</span> <span class='ocrx_word' id='word_1_505' title='bbox 811 2143 879 2180; x_wconf 76' lang='lat' dir='ltr'>esse,</span> <span class='ocrx_word' id='word_1_506' title='bbox 890 2152 942 2184; x_wconf 83' lang='lat' dir='ltr'>per</span> <span class='ocrx_word' id='word_1_507' title='bbox 950 2142 1079 2184; x_wconf 82' lang='lat' dir='ltr'>aliquam</span> <span class='ocrx_word' id='word_1_508' title='bbox 1089 2140 1287 2173; x_wconf 81' lang='lat' dir='ltr'>mutationem</span> <span class='ocrx_word' id='word_1_509' title='bbox 1298 2137 1357 2170; x_wconf 85' lang='lat' dir='ltr'>hoc</span> <span class='ocrx_word' id='word_1_510' title='bbox 1366 2136 1422 2170; x_wconf 82' lang='lat' dir='ltr'>effe</span> <span class='ocrx_word' id='word_1_511' title='bbox 1430 2139 1539 2181; x_wconf 87' lang='lat' dir='ltr'>potest.</span> <span class='ocrx_word' id='word_1_512' title='bbox 1562 2139 1597 2171; x_wconf 84' lang='lat' dir='ltr'>Et</span> <span class='ocrx_word' id='word_1_513' title='bbox 1606 2139 1686 2172; x_wconf 86' lang='lat' dir='ltr'>idem</span> <span class='ocrx_word' id='word_1_514' title='bbox 1694 2152 1818 2185; x_wconf 71' lang='lat' dir='ltr'>apparet</span> 
     </span>
     <span class='ocr_line' id='line_1_42' title="bbox 336 2183 1819 2231; baseline -0.004 -9"><span class='ocrx_word' id='word_1_515' title='bbox 336 2191 368 2223; x_wconf 88' lang='lat' dir='ltr'>in</span> <span class='ocrx_word' id='word_1_516' title='bbox 379 2192 464 2220; x_wconf 87' lang='lat' dir='ltr'>omni</span> <span class='ocrx_word' id='word_1_517' title='bbox 476 2191 569 2231; x_wconf 89' lang='lat' dir='ltr'>specie</span> <span class='ocrx_word' id='word_1_518' title='bbox 576 2188 696 2222; x_wconf 79' lang='lat' dir='ltr'>relatiua</span> <span class='ocrx_word' id='word_1_519' title='bbox 708 2202 715 2221; x_wconf 75' lang='grc' dir='ltr'><strong><em>ε</em></strong></span> <span class='ocrx_word' id='word_1_520' title='bbox 728 2201 797 2222; x_wconf 78' lang='lat' dir='ltr'>nam</span> <span class='ocrx_word' id='word_1_521' title='bbox 807 2189 826 2220; x_wconf 87' lang='lat' dir='ltr'>si</span> <span class='ocrx_word' id='word_1_522' title='bbox 839 2186 898 2219; x_wconf 89' lang='lat' dir='ltr'>hoc</span> <span class='ocrx_word' id='word_1_523' title='bbox 907 2199 970 2219; x_wconf 91' lang='lat' dir='ltr'>non</span> <span class='ocrx_word' id='word_1_524' title='bbox 980 2187 1019 2218; x_wconf 84' lang='lat' dir='ltr'>est</span> <span class='ocrx_word' id='word_1_525' title='bbox 1028 2186 1154 2229; x_wconf 89' lang='lat' dir='ltr'>duplum</span> <span class='ocrx_word' id='word_1_526' title='bbox 1165 2183 1262 2220; x_wconf 82' lang='lat' dir='ltr'>huius,</span> <span class='ocrx_word' id='word_1_527' title='bbox 1273 2184 1319 2216; x_wconf 88' lang='lat' dir='ltr'>vel</span> <span class='ocrx_word' id='word_1_528' title='bbox 1329 2194 1425 2227; x_wconf 87' lang='lat' dir='ltr'>pater,</span> <span class='ocrx_word' id='word_1_529' title='bbox 1443 2183 1489 2216; x_wconf 89' lang='lat' dir='ltr'>vel</span> <span class='ocrx_word' id='word_1_530' title='bbox 1498 2185 1667 2227; x_wconf 84' lang='lat' dir='ltr'>cognitum,</span> <span class='ocrx_word' id='word_1_531' title='bbox 1683 2187 1712 2220; x_wconf 76' lang='grc'>8(</span> <span class='ocrx_word' id='word_1_532' title='bbox 1721 2188 1819 2229; x_wconf 83' lang='lat' dir='ltr'>potest</span> 
     </span>
     <span class='ocr_line' id='line_1_43' title="bbox 339 2228 1819 2277; baseline -0.001 -11"><span class='ocrx_word' id='word_1_533' title='bbox 339 2235 407 2272; x_wconf 81' lang='lat' dir='ltr'>esse,</span> <span class='ocrx_word' id='word_1_534' title='bbox 423 2235 612 2277; x_wconf 63' lang='lat' dir='ltr'>per-aliquam</span> <span class='ocrx_word' id='word_1_535' title='bbox 622 2245 821 2267; x_wconf 63' lang='lat' dir='ltr'>mutationem</span> <span class='ocrx_word' id='word_1_536' title='bbox 830 2231 891 2264; x_wconf 90' lang='lat' dir='ltr'>hoc</span> <span class='ocrx_word' id='word_1_537' title='bbox 901 2232 1009 2276; x_wconf 81' lang='lat' dir='ltr'>potest,</span> <span class='ocrx_word' id='word_1_538' title='bbox 1023 2230 1092 2264; x_wconf 86' lang='lat' dir='ltr'>sicut</span> <span class='ocrx_word' id='word_1_539' title='bbox 1110 2228 1289 2263; x_wconf 80' lang='lat' dir='ltr'>tricesimum</span> <span class='ocrx_word' id='word_1_540' title='bbox 1305 2228 1395 2261; x_wconf 75' lang='lat' dir='ltr'>huius</span> <span class='ocrx_word' id='word_1_541' title='bbox 1403 2231 1560 2262; x_wconf 79' lang='lat' dir='ltr'>monstrat.</span> <span class='ocrx_word' id='word_1_542' title='bbox 1583 2231 1654 2264; x_wconf 89' lang='lat' dir='ltr'>Hoc</span> <span class='ocrx_word' id='word_1_543' title='bbox 1663 2231 1744 2264; x_wconf 84' lang='lat' dir='ltr'>idem</span> <span class='ocrx_word' id='word_1_544' title='bbox 1755 2244 1819 2267; x_wconf 89' lang='lat' dir='ltr'>non</span> 
     </span>
     <span class='ocr_line' id='line_1_44' title="bbox 338 2274 1820 2323; baseline 0.001 -13"><span class='ocrx_word' id='word_1_545' title='bbox 338 2278 579 2323; x_wconf 65' lang='lat' dir='ltr'>improbabiliter</span> <span class='ocrx_word' id='word_1_546' title='bbox 587 2279 792 2315; x_wconf 79' lang='lat' dir='ltr'>confirmatur,</span> <span class='ocrx_word' id='word_1_547' title='bbox 801 2289 958 2322; x_wconf 82' lang='lat' dir='ltr'>quoniam,</span> <span class='ocrx_word' id='word_1_548' title='bbox 967 2289 998 2309; x_wconf 87' lang='lat' dir='ltr'>vt</span> <span class='ocrx_word' id='word_1_549' title='bbox 1007 2276 1133 2315; x_wconf 86' lang='lat' dir='ltr'>videtur,</span> <span class='ocrx_word' id='word_1_550' title='bbox 1143 2275 1162 2308; x_wconf 90' lang='lat' dir='ltr'>si</span> <span class='ocrx_word' id='word_1_551' title='bbox 1170 2274 1230 2308; x_wconf 92' lang='lat' dir='ltr'>hoc</span> <span class='ocrx_word' id='word_1_552' title='bbox 1238 2286 1298 2308; x_wconf 91' lang='lat' dir='ltr'>non</span> <span class='ocrx_word' id='word_1_553' title='bbox 1309 2276 1347 2307; x_wconf 86' lang='lat' dir='ltr'>est</span> <span class='ocrx_word' id='word_1_554' title='bbox 1356 2274 1422 2311; x_wconf 83' lang='lat' dir='ltr'>tale,</span> <span class='ocrx_word' id='word_1_555' title='bbox 1431 2274 1461 2308; x_wconf 77' lang='grc' dir='ltr'>ὃ(</span> <span class='ocrx_word' id='word_1_556' title='bbox 1472 2277 1566 2318; x_wconf 87' lang='lat' dir='ltr'>potest</span> <span class='ocrx_word' id='word_1_557' title='bbox 1575 2276 1645 2315; x_wconf 83' lang='lat' dir='ltr'>esse,</span> <span class='ocrx_word' id='word_1_558' title='bbox 1654 2279 1747 2319; x_wconf 88' lang='lat' dir='ltr'>potest</span> <span class='ocrx_word' id='word_1_559' title='bbox 1757 2277 1820 2311; x_wconf 83' lang='lat' dir='ltr'>fieri</span> 
     </span>
     <span class='ocr_line' id='line_1_45' title="bbox 338 2319 1819 2367; baseline -0.003 -8"><span class='ocrx_word' id='word_1_560' title='bbox 338 2327 406 2363; x_wconf 68' lang='lat' dir='ltr'>title,</span> <span class='ocrx_word' id='word_1_561' title='bbox 416 2327 619 2357; x_wconf 87' lang='lat' dir='ltr'>communiter</span> <span class='ocrx_word' id='word_1_562' title='bbox 628 2325 782 2367; x_wconf 85' lang='lat' dir='ltr'>loquendo</span> <span class='ocrx_word' id='word_1_563' title='bbox 791 2324 828 2357; x_wconf 88' lang='lat' dir='ltr'>de</span> <span class='ocrx_word' id='word_1_564' title='bbox 838 2324 912 2361; x_wconf 86' lang='lat' dir='ltr'>fieri,</span> <span class='ocrx_word' id='word_1_565' title='bbox 921 2325 992 2356; x_wconf 77' lang='lat' dir='ltr'>sicut</span> <span class='ocrx_word' id='word_1_566' title='bbox 1000 2324 1153 2355; x_wconf 85' lang='lat' dir='ltr'>Dominus</span> <span class='ocrx_word' id='word_1_567' title='bbox 1160 2322 1306 2364; x_wconf 83' lang='lat' dir='ltr'>refugium</span> <span class='ocrx_word' id='word_1_568' title='bbox 1317 2321 1408 2353; x_wconf 72' lang='lat' dir='ltr'>fastus</span> <span class='ocrx_word' id='word_1_569' title='bbox 1416 2319 1456 2352; x_wconf 88' lang='lat' dir='ltr'>est</span> <span class='ocrx_word' id='word_1_570' title='bbox 1465 2319 1569 2360; x_wconf 79' lang='lat' dir='ltr'>nobis,</span> <span class='ocrx_word' id='word_1_571' title='bbox 1586 2333 1617 2354; x_wconf 89' lang='lat' dir='ltr'>vt</span> <span class='ocrx_word' id='word_1_572' title='bbox 1626 2323 1705 2355; x_wconf 87' lang='lat' dir='ltr'>idem</span> <span class='ocrx_word' id='word_1_573' title='bbox 1714 2324 1819 2356; x_wconf 83' lang='lat' dir='ltr'>tricesi-</span> 
     </span>
     <span class='ocr_line' id='line_1_46' title="bbox 339 2365 1819 2414; baseline -0.007 -11"><span class='ocrx_word' id='word_1_574' title='bbox 339 2382 424 2403; x_wconf 87' lang='lat' dir='ltr'>mum</span> <span class='ocrx_word' id='word_1_575' title='bbox 434 2370 600 2402; x_wconf 78' lang='lat' dir='ltr'>manifestat</span> <span class='ocrx_word' id='word_1_576' title='bbox 611 2383 618 2402; x_wconf 77' lang='lat' dir='ltr'>t</span> <span class='ocrx_word' id='word_1_577' title='bbox 630 2373 729 2403; x_wconf 84' lang='lat' dir='ltr'>omnis</span> <span class='ocrx_word' id='word_1_578' title='bbox 740 2381 838 2402; x_wconf 86' lang='lat' dir='ltr'>autem</span> <span class='ocrx_word' id='word_1_579' title='bbox 850 2368 1024 2401; x_wconf 88' lang='lat' dir='ltr'>huiusmodi</span> <span class='ocrx_word' id='word_1_580' title='bbox 1035 2367 1139 2406; x_wconf 67' lang='lat' dir='ltr'>fastio,</span> <span class='ocrx_word' id='word_1_581' title='bbox 1149 2369 1276 2399; x_wconf 83' lang='lat' dir='ltr'>mutatio</span> <span class='ocrx_word' id='word_1_582' title='bbox 1284 2365 1400 2398; x_wconf 85' lang='lat' dir='ltr'>videtur</span> <span class='ocrx_word' id='word_1_583' title='bbox 1410 2365 1554 2409; x_wconf 77' lang='lat' dir='ltr'>aliqualis¹</span> <span class='ocrx_word' id='word_1_584' title='bbox 1568 2370 1639 2413; x_wconf 79' lang='lat' dir='ltr'>quia</span> <span class='ocrx_word' id='word_1_585' title='bbox 1649 2368 1819 2414; x_wconf 74' lang='lat' dir='ltr'>devnoop-</span> 
     </span>
     <span class='ocr_line' id='line_1_47' title="bbox 341 2409 1818 2461; baseline -0.001 -13"><span class='ocrx_word' id='word_1_586' title='bbox 341 2415 509 2461; x_wconf 87' lang='lat' dir='ltr'>positorum</span> <span class='ocrx_word' id='word_1_587' title='bbox 520 2427 549 2447; x_wconf 87' lang='lat' dir='ltr'>in</span> <span class='ocrx_word' id='word_1_588' title='bbox 560 2416 706 2459; x_wconf 86' lang='lat' dir='ltr'>reliquum</span> <span class='ocrx_word' id='word_1_589' title='bbox 717 2415 851 2449; x_wconf 80' lang='lat' dir='ltr'>transitus</span> <span class='ocrx_word' id='word_1_590' title='bbox 862 2414 920 2447; x_wconf 90' lang='lat' dir='ltr'>siue</span> <span class='ocrx_word' id='word_1_591' title='bbox 929 2425 1041 2447; x_wconf 88' lang='lat' dir='ltr'>motus.</span> <span class='ocrx_word' id='word_1_592' title='bbox 1068 2414 1104 2447; x_wconf 83' lang='lat' dir='ltr'>Et</span> <span class='ocrx_word' id='word_1_593' title='bbox 1118 2411 1205 2445; x_wconf 81' lang='lat' dir='ltr'>causa</span> <span class='ocrx_word' id='word_1_594' title='bbox 1215 2411 1400 2444; x_wconf 80' lang='lat' dir='ltr'>huiustotius</span> <span class='ocrx_word' id='word_1_595' title='bbox 1415 2409 1497 2454; x_wconf 85' lang='lat' dir='ltr'>quasi</span> <span class='ocrx_word' id='word_1_596' title='bbox 1515 2414 1759 2446; x_wconf 77' lang='lat' dir='ltr'>maximainserta</span> <span class='ocrx_word' id='word_1_597' title='bbox 1769 2427 1818 2448; x_wconf 84' lang='lat' dir='ltr'>na·</span> 
     </span>
     <span class='ocr_line' id='line_1_48' title="bbox 341 2456 1856 2504; baseline -0.001 -9"><span class='ocrx_word' id='word_1_598' title='bbox 341 2462 472 2495; x_wconf 80' lang='lat' dir='ltr'>ruraliter</span> <span class='ocrx_word' id='word_1_599' title='bbox 479 2460 622 2494; x_wconf 85' lang='lat' dir='ltr'>omnibus</span> <span class='ocrx_word' id='word_1_600' title='bbox 631 2461 695 2493; x_wconf 81' lang='lat' dir='ltr'>haec</span> <span class='ocrx_word' id='word_1_601' title='bbox 704 2462 834 2497; x_wconf 82' lang='lat' dir='ltr'>videtur,</span> <span class='ocrx_word' id='word_1_602' title='bbox 843 2464 911 2504; x_wconf 79' lang='lat' dir='ltr'>quia</span> <span class='ocrx_word' id='word_1_603' title='bbox 920 2460 976 2491; x_wconf 74' lang='lat' dir='ltr'>esse</span> <span class='ocrx_word' id='word_1_604' title='bbox 985 2459 1070 2503; x_wconf 89' lang='lat' dir='ltr'>quod</span> <span class='ocrx_word' id='word_1_605' title='bbox 1077 2459 1127 2495; x_wconf 78' lang='lat' dir='ltr'>est,</span> <span class='ocrx_word' id='word_1_606' title='bbox 1135 2457 1259 2501; x_wconf 81' lang='lat' dir='ltr'>quando</span> <span class='ocrx_word' id='word_1_607' title='bbox 1269 2456 1319 2494; x_wconf 81' lang='lat' dir='ltr'>est,</span> <span class='ocrx_word' id='word_1_608' title='bbox 1329 2457 1359 2491; x_wconf 76' lang='grc' dir='ltr'>ὅ(</span> <span class='ocrx_word' id='word_1_609' title='bbox 1367 2467 1429 2488; x_wconf 89' lang='lat' dir='ltr'>non</span> <span class='ocrx_word' id='word_1_610' title='bbox 1439 2458 1585 2500; x_wconf 76' lang='lat' dir='ltr'>essequod</span> <span class='ocrx_word' id='word_1_611' title='bbox 1596 2470 1658 2491; x_wconf 88' lang='lat' dir='ltr'>non</span> <span class='ocrx_word' id='word_1_612' title='bbox 1669 2461 1719 2497; x_wconf 84' lang='lat' dir='ltr'>est,</span> <span class='ocrx_word' id='word_1_613' title='bbox 1728 2471 1819 2503; x_wconf 84' lang='lat' dir='ltr'>quan·</span> <span class='ocrx_word' id='word_1_614' title='bbox 1831 2469 1856 2502; x_wconf 82' lang='lat' dir='ltr'>E</span> 
     </span>
     <span class='ocr_line' id='line_1_49' title="bbox 341 2500 1820 2549; baseline 0 -11"><span class='ocrx_word' id='word_1_615' title='bbox 341 2507 384 2538; x_wconf 92' lang='lat' dir='ltr'>do</span> <span class='ocrx_word' id='word_1_616' title='bbox 393 2519 455 2539; x_wconf 89' lang='lat' dir='ltr'>non</span> <span class='ocrx_word' id='word_1_617' title='bbox 466 2509 518 2546; x_wconf 86' lang='lat' dir='ltr'>est,</span> <span class='ocrx_word' id='word_1_618' title='bbox 536 2507 649 2539; x_wconf 71' lang='lat' dir='ltr'>neccsse</span> <span class='ocrx_word' id='word_1_619' title='bbox 659 2507 697 2538; x_wconf 90' lang='lat' dir='ltr'>est</span> <span class='ocrx_word' id='word_1_620' title='bbox 714 2522 724 2545; x_wconf 63' lang='grc' dir='ltr'><strong>ς</strong></span> <span class='ocrx_word' id='word_1_621' title='bbox 741 2507 771 2540; x_wconf 75' lang='grc' dir='ltr'>ὃ(</span> <span class='ocrx_word' id='word_1_622' title='bbox 782 2507 913 2538; x_wconf 82' lang='lat' dir='ltr'>fimiliter</span> <span class='ocrx_word' id='word_1_623' title='bbox 922 2504 1006 2538; x_wconf 78' lang='lat' dir='ltr'>fuisse</span> <span class='ocrx_word' id='word_1_624' title='bbox 1016 2504 1141 2549; x_wconf 78' lang='lat' dir='ltr'>quando</span> <span class='ocrx_word' id='word_1_625' title='bbox 1150 2504 1216 2541; x_wconf 85' lang='lat' dir='ltr'>suit,</span> <span class='ocrx_word' id='word_1_626' title='bbox 1228 2503 1259 2536; x_wconf 60' lang='lat' dir='ltr'>a&amp;</span> <span class='ocrx_word' id='word_1_627' title='bbox 1276 2513 1337 2534; x_wconf 89' lang='lat' dir='ltr'>non</span> <span class='ocrx_word' id='word_1_628' title='bbox 1355 2500 1436 2535; x_wconf 83' lang='lat' dir='ltr'>fuisse</span> <span class='ocrx_word' id='word_1_629' title='bbox 1451 2502 1535 2546; x_wconf 85' lang='lat' dir='ltr'>quod</span> <span class='ocrx_word' id='word_1_630' title='bbox 1552 2515 1613 2537; x_wconf 88' lang='lat' dir='ltr'>non</span> <span class='ocrx_word' id='word_1_631' title='bbox 1625 2505 1689 2538; x_wconf 86' lang='lat' dir='ltr'>fuit.</span> <span class='ocrx_word' id='word_1_632' title='bbox 1713 2506 1746 2537; x_wconf 87' lang='lat' dir='ltr'>In</span> <span class='ocrx_word' id='word_1_633' title='bbox 1761 2505 1820 2538; x_wconf 88' lang='lat' dir='ltr'>hoc</span> 
     </span>
     <span class='ocr_line' id='line_1_50' title="bbox 341 2548 1821 2595; baseline -0.002 -12"><span class='ocrx_word' id='word_1_634' title='bbox 341 2555 423 2584; x_wconf 80' lang='lat' dir='ltr'>enim</span> <span class='ocrx_word' id='word_1_635' title='bbox 433 2554 623 2585; x_wconf 82' lang='lat' dir='ltr'>consentiunt</span> <span class='ocrx_word' id='word_1_636' title='bbox 635 2552 754 2594; x_wconf 78' lang='lat' dir='ltr'>Logici,</span> <span class='ocrx_word' id='word_1_637' title='bbox 764 2550 948 2595; x_wconf 82' lang='lat' dir='ltr'>Philosophi,</span> <span class='ocrx_word' id='word_1_638' title='bbox 958 2550 1129 2593; x_wconf 83' lang='lat' dir='ltr'>Theologi‚</span> <span class='ocrx_word' id='word_1_639' title='bbox 1140 2550 1169 2582; x_wconf 65' lang='grc' dir='ltr'>ἃ</span> <span class='ocrx_word' id='word_1_640' title='bbox 1180 2548 1385 2580; x_wconf 86' lang='lat' dir='ltr'>communiter</span> <span class='ocrx_word' id='word_1_641' title='bbox 1395 2557 1493 2581; x_wconf 89' lang='lat' dir='ltr'>totum</span> <span class='ocrx_word' id='word_1_642' title='bbox 1502 2550 1610 2593; x_wconf 83' lang='lat' dir='ltr'>vulgus</span> <span class='ocrx_word' id='word_1_643' title='bbox 1620 2561 1628 2584; x_wconf 78' lang='lat'>3</span> <span class='ocrx_word' id='word_1_644' title='bbox 1639 2558 1668 2583; x_wconf 88' lang='lat'>&amp;</span> <span class='ocrx_word' id='word_1_645' title='bbox 1679 2549 1698 2581; x_wconf 84' lang='lat' dir='ltr'>fi</span> <span class='ocrx_word' id='word_1_646' title='bbox 1711 2549 1821 2583; x_wconf 81' lang='lat' dir='ltr'>necesse</span> 
     </span>
     <span class='ocr_line' id='line_1_51' title="bbox 342 2593 1822 2640; baseline -0.003 -10"><span class='ocrx_word' id='word_1_647' title='bbox 342 2599 375 2630; x_wconf 88' lang='lat' dir='ltr'>sit</span> <span class='ocrx_word' id='word_1_648' title='bbox 385 2598 508 2630; x_wconf 79' lang='lat' dir='ltr'>liocesie</span> <span class='ocrx_word' id='word_1_649' title='bbox 517 2608 567 2629; x_wconf 74' lang='lat' dir='ltr'>aut</span> <span class='ocrx_word' id='word_1_650' title='bbox 577 2595 660 2630; x_wconf 75' lang='lat' dir='ltr'>luisse</span> <span class='ocrx_word' id='word_1_651' title='bbox 669 2597 868 2640; x_wconf 78' lang='lat' dir='ltr'>dispositionis</span> <span class='ocrx_word' id='word_1_652' title='bbox 877 2600 977 2633; x_wconf 78' lang='lat' dir='ltr'>vuius,</span> <span class='ocrx_word' id='word_1_653' title='bbox 993 2597 1022 2630; x_wconf 77' lang='grc' dir='ltr'>ὅ(</span> <span class='ocrx_word' id='word_1_654' title='bbox 1033 2597 1127 2639; x_wconf 84' lang='lat' dir='ltr'>potest</span> <span class='ocrx_word' id='word_1_655' title='bbox 1134 2593 1355 2637; x_wconf 80' lang='lat' dir='ltr'>esseoppositae,</span> <span class='ocrx_word' id='word_1_656' title='bbox 1371 2593 1466 2635; x_wconf 87' lang='lat' dir='ltr'>potest</span> <span class='ocrx_word' id='word_1_657' title='bbox 1476 2597 1598 2631; x_wconf 83' lang='lat' dir='ltr'>mutari,</span> <span class='ocrx_word' id='word_1_658' title='bbox 1615 2598 1682 2640; x_wconf 81' lang='lat' dir='ltr'>quia</span> <span class='ocrx_word' id='word_1_659' title='bbox 1692 2596 1751 2628; x_wconf 85' lang='lat' dir='ltr'>hoc</span> <span class='ocrx_word' id='word_1_660' title='bbox 1761 2608 1822 2629; x_wconf 83' lang='lat' dir='ltr'>non</span> 
     </span>
     <span class='ocr_line' id='line_1_52' title="bbox 342 2640 1823 2687; baseline 0.001 -14"><span class='ocrx_word' id='word_1_661' title='bbox 342 2645 441 2687; x_wconf 84' lang='lat' dir='ltr'>potest</span> <span class='ocrx_word' id='word_1_662' title='bbox 452 2642 503 2674; x_wconf 82' lang='lat' dir='ltr'>nisi</span> <span class='ocrx_word' id='word_1_663' title='bbox 513 2652 566 2687; x_wconf 88' lang='lat' dir='ltr'>per</span> <span class='ocrx_word' id='word_1_664' title='bbox 575 2641 713 2675; x_wconf 80' lang='lat' dir='ltr'>recessum</span> <span class='ocrx_word' id='word_1_665' title='bbox 723 2646 738 2674; x_wconf 71' lang='lat' dir='ltr'>a</span> <span class='ocrx_word' id='word_1_666' title='bbox 748 2642 943 2686; x_wconf 83' lang='lat' dir='ltr'>dispositione</span> <span class='ocrx_word' id='word_1_667' title='bbox 953 2643 1052 2686; x_wconf 77' lang='lat' dir='ltr'>priori,</span> <span class='ocrx_word' id='word_1_668' title='bbox 1064 2651 1204 2684; x_wconf 83' lang='lat' dir='ltr'>tanquam</span> <span class='ocrx_word' id='word_1_669' title='bbox 1214 2640 1230 2670; x_wconf 73' lang='lat' dir='ltr'>a</span> <span class='ocrx_word' id='word_1_670' title='bbox 1241 2640 1369 2671; x_wconf 84' lang='lat' dir='ltr'>termino</span> <span class='ocrx_word' id='word_1_671' title='bbox 1379 2640 1395 2670; x_wconf 78' lang='grc' dir='ltr'>ὲ</span> <span class='ocrx_word' id='word_1_672' title='bbox 1405 2649 1479 2681; x_wconf 90' lang='lat' dir='ltr'>qu0,</span> <span class='ocrx_word' id='word_1_673' title='bbox 1488 2646 1517 2672; x_wconf 69' lang='grc' dir='ltr'>δε</span> <span class='ocrx_word' id='word_1_674' title='bbox 1527 2640 1670 2674; x_wconf 70' lang='lat' dir='ltr'>accessum</span> <span class='ocrx_word' id='word_1_675' title='bbox 1681 2641 1718 2673; x_wconf 76' lang='lat' dir='ltr'>ad</span> <span class='ocrx_word' id='word_1_676' title='bbox 1730 2643 1823 2684; x_wconf 83' lang='lat' dir='ltr'>poste-</span> 
     </span>
     <span class='ocr_line' id='line_1_53' title="bbox 343 2683 1824 2731; baseline 0.001 -13"><span class='ocrx_word' id='word_1_677' title='bbox 343 2691 465 2726; x_wconf 84' lang='lat' dir='ltr'>riorem,</span> <span class='ocrx_word' id='word_1_678' title='bbox 482 2688 609 2720; x_wconf 74' lang='lat' dir='ltr'>velutad</span> <span class='ocrx_word' id='word_1_679' title='bbox 627 2690 788 2720; x_wconf 83' lang='lat' dir='ltr'>terminum</span> <span class='ocrx_word' id='word_1_680' title='bbox 797 2688 833 2720; x_wconf 79' lang='lat' dir='ltr'>ad</span> <span class='ocrx_word' id='word_1_681' title='bbox 845 2700 933 2731; x_wconf 87' lang='lat' dir='ltr'>quem</span> <span class='ocrx_word' id='word_1_682' title='bbox 943 2698 1056 2719; x_wconf 88' lang='lat' dir='ltr'>motus.</span> <span class='ocrx_word' id='word_1_683' title='bbox 1081 2687 1119 2719; x_wconf 89' lang='lat' dir='ltr'>Et</span> <span class='ocrx_word' id='word_1_684' title='bbox 1129 2684 1224 2729; x_wconf 83' lang='lat' dir='ltr'>siquis</span> <span class='ocrx_word' id='word_1_685' title='bbox 1233 2684 1339 2730; x_wconf 77' lang='lat' dir='ltr'>dixerit</span> <span class='ocrx_word' id='word_1_686' title='bbox 1348 2683 1429 2716; x_wconf 76' lang='lat' dir='ltr'>illam</span> <span class='ocrx_word' id='word_1_687' title='bbox 1437 2685 1602 2718; x_wconf 78' lang='lat' dir='ltr'>maximam</span> <span class='ocrx_word' id='word_1_688' title='bbox 1612 2685 1668 2719; x_wconf 84' lang='lat' dir='ltr'>esse</span> <span class='ocrx_word' id='word_1_689' title='bbox 1677 2698 1777 2720; x_wconf 86' lang='lat' dir='ltr'>veram</span> <span class='ocrx_word' id='word_1_690' title='bbox 1787 2687 1824 2719; x_wconf 93' lang='lat' dir='ltr'>de</span> 
     </span>
     <span class='ocr_line' id='line_1_54' title="bbox 342 2729 1824 2776; baseline -0.001 -12"><span class='ocrx_word' id='word_1_691' title='bbox 342 2733 537 2776; x_wconf 73' lang='lat' dir='ltr'>ptaeicnttbus</span> <span class='ocrx_word' id='word_1_692' title='bbox 548 2739 575 2764; x_wconf 64' lang='grc' dir='ltr'>δι’</span> <span class='ocrx_word' id='word_1_693' title='bbox 587 2735 741 2776; x_wconf 69' lang='lat' dir='ltr'>pra-teritis</span> <span class='ocrx_word' id='word_1_694' title='bbox 749 2734 897 2765; x_wconf 80' lang='lat' dir='ltr'>duntaxat</span> <span class='ocrx_word' id='word_1_695' title='bbox 907 2745 972 2766; x_wconf 85' lang='lat' dir='ltr'>nori</span> <span class='ocrx_word' id='word_1_696' title='bbox 983 2731 1221 2775; x_wconf 85' lang='lat' dir='ltr'>dependentibus</span> <span class='ocrx_word' id='word_1_697' title='bbox 1230 2732 1246 2762; x_wconf 65' lang='lat' dir='ltr'>a</span> <span class='ocrx_word' id='word_1_698' title='bbox 1258 2732 1358 2761; x_wconf 74' lang='lat' dir='ltr'>tuturo</span> <span class='ocrx_word' id='word_1_699' title='bbox 1368 2743 1378 2767; x_wconf 75' lang='lat'><em>3</em></span> <span class='ocrx_word' id='word_1_700' title='bbox 1389 2729 1738 2774; x_wconf 79' lang='lat' dir='ltr'>aduertat‚qu:es0,hanc</span> <span class='ocrx_word' id='word_1_701' title='bbox 1749 2732 1824 2772; x_wconf 71' lang='lat' dir='ltr'>glos-</span> 
     </span>
     <span class='ocr_line' id='line_1_55' title="bbox 344 2775 1824 2822; baseline -0.001 -13"><span class='ocrx_word' id='word_1_702' title='bbox 344 2777 402 2810; x_wconf 59' lang='lat' dir='ltr'>sssim</span> <span class='ocrx_word' id='word_1_703' title='bbox 415 2779 493 2810; x_wconf 65' lang='lat' dir='ltr'>nulla</span> <span class='ocrx_word' id='word_1_704' title='bbox 503 2782 657 2810; x_wconf 77' lang='lat' dir='ltr'>communi</span> <span class='ocrx_word' id='word_1_705' title='bbox 667 2790 760 2811; x_wconf 76' lang='lat' dir='ltr'>animi</span> <span class='ocrx_word' id='word_1_706' title='bbox 769 2780 980 2822; x_wconf 80' lang='lat' dir='ltr'>conceptione,</span> <span class='ocrx_word' id='word_1_707' title='bbox 989 2789 1044 2809; x_wconf 89' lang='lat' dir='ltr'>nec</span> <span class='ocrx_word' id='word_1_708' title='bbox 1052 2777 1111 2809; x_wconf 79' lang='lat' dir='ltr'>vlla</span> <span class='ocrx_word' id='word_1_709' title='bbox 1120 2778 1278 2808; x_wconf 78' lang='lat' dir='ltr'>autoritate</span> <span class='ocrx_word' id='word_1_710' title='bbox 1287 2777 1436 2806; x_wconf 74' lang='lat' dir='ltr'>maiorum</span> <span class='ocrx_word' id='word_1_711' title='bbox 1443 2799 1451 2811; x_wconf 90' lang='lat'><em>‚</em></span> <span class='ocrx_word' id='word_1_712' title='bbox 1461 2775 1508 2808; x_wconf 84' lang='lat' dir='ltr'>scd</span> <span class='ocrx_word' id='word_1_713' title='bbox 1518 2777 1636 2809; x_wconf 79' lang='lat' dir='ltr'>tantum</span> <span class='ocrx_word' id='word_1_714' title='bbox 1646 2777 1824 2821; x_wconf 84' lang='lat' dir='ltr'>quibusdam</span> 
     </span>
     <span class='ocr_line' id='line_1_56' title="bbox 344 2821 1825 2867; baseline 0.001 -13"><span class='ocrx_word' id='word_1_715' title='bbox 344 2823 543 2866; x_wconf 79' lang='lat' dir='ltr'>sophistarum</span> <span class='ocrx_word' id='word_1_716' title='bbox 553 2826 846 2866; x_wconf 77' lang='lat' dir='ltr'>argutijssustentari.</span> <span class='ocrx_word' id='word_1_717' title='bbox 865 2825 922 2856; x_wconf 88' lang='lat' dir='ltr'>Dei</span> <span class='ocrx_word' id='word_1_718' title='bbox 933 2834 1054 2867; x_wconf 83' lang='lat' dir='ltr'>quoque</span> <span class='ocrx_word' id='word_1_719' title='bbox 1064 2823 1202 2855; x_wconf 79' lang='lat' dir='ltr'>voluntas</span> <span class='ocrx_word' id='word_1_720' title='bbox 1217 2831 1406 2863; x_wconf 80' lang='lat' dir='ltr'>nequaquam</span> <span class='ocrx_word' id='word_1_721' title='bbox 1423 2822 1441 2853; x_wconf 68' lang='grc' dir='ltr'>ὲ</span> <span class='ocrx_word' id='word_1_722' title='bbox 1458 2821 1561 2855; x_wconf 83' lang='lat' dir='ltr'>futuris</span> <span class='ocrx_word' id='word_1_723' title='bbox 1576 2822 1736 2867; x_wconf 85' lang='lat' dir='ltr'>dependet,</span> <span class='ocrx_word' id='word_1_724' title='bbox 1752 2822 1825 2855; x_wconf 82' lang='lat' dir='ltr'>sicut</span> 
     </span>
     <span class='ocr_line' id='line_1_57' title="bbox 344 2864 1826 2913; baseline -0.001 -11"><span class='ocrx_word' id='word_1_725' title='bbox 344 2868 517 2902; x_wconf 77' lang='lat' dir='ltr'>vicesimum</span> <span class='ocrx_word' id='word_1_726' title='bbox 527 2872 629 2913; x_wconf 82' lang='lat' dir='ltr'>primi,</span> <span class='ocrx_word' id='word_1_727' title='bbox 639 2870 857 2904; x_wconf 67' lang='lat' dir='ltr'>&amp;tricesimum</span> <span class='ocrx_word' id='word_1_728' title='bbox 867 2870 988 2902; x_wconf 87' lang='lat' dir='ltr'>secundi</span> <span class='ocrx_word' id='word_1_729' title='bbox 997 2867 1162 2910; x_wconf 79' lang='lat' dir='ltr'>docebant,</span> <span class='ocrx_word' id='word_1_730' title='bbox 1170 2866 1220 2900; x_wconf 78' lang='lat' dir='ltr'>sed</span> <span class='ocrx_word' id='word_1_731' title='bbox 1229 2864 1367 2900; x_wconf 76' lang='lat' dir='ltr'>sututaab</span> <span class='ocrx_word' id='word_1_732' title='bbox 1375 2865 1434 2905; x_wconf 78' lang='lat' dir='ltr'>illa,</span> <span class='ocrx_word' id='word_1_733' title='bbox 1444 2865 1516 2900; x_wconf 82' lang='lat' dir='ltr'>ficut</span> <span class='ocrx_word' id='word_1_734' title='bbox 1526 2867 1676 2902; x_wconf 75' lang='lat' dir='ltr'>decimum</span> <span class='ocrx_word' id='word_1_735' title='bbox 1686 2879 1826 2913; x_wconf 77' lang='lat' dir='ltr'>quartum</span> 
     </span>
    </p>
   </div>
   <div class='ocr_carea' id='block_1_5' title="bbox 1740 2915 1828 2957">
    <p class='ocr_par' dir='ltr' id='par_1_5' title="bbox 1740 2915 1828 2957">
     <span class='ocr_line' id='line_1_58' title="bbox 1740 2915 1828 2957; baseline 0 -12"><span class='ocrx_word' id='word_1_736' title='bbox 1740 2915 1828 2957; x_wconf 80' lang='lat' dir='ltr'>primi</span> 
     </span>
    </p>
   </div>
   <div class='ocr_carea' id='block_1_6' title="bbox 327 546 665 887">
    <p class='ocr_par' dir='ltr' id='par_1_6' title="bbox 327 546 665 887">
     <span class='ocr_line' id='line_1_59' title="bbox 327 546 665 887; baseline 0 2243"><span class='ocrx_word' id='word_1_737' title='bbox 327 546 665 887; x_wconf 95' lang='lat' dir='ltr'> </span> 
     </span>
    </p>
   </div>
  </div>
 </body>
</html>
