1985 3130
197 169 280 220 342
773 144 942 195 ‘Thomae
955 141 1246 194 Bradwardini
1672 148 1714 197 L
1726 166 1740 197 1
1753 168 1795 197 Β,
1810 168 1842 200 1,

310 245 389 283 liter,
398 242 468 277 licut
476 246 574 288 placer
594 252 603 272 ι
627 240 750 274 Assistat
757 250 831 283 ergo
840 237 997 282 :equaliter
1004 261 1014 275 ,
1023 237 1054 273 &
1061 236 1116 270 stat
1125 247 1337 281 argumentum
1346 237 1514 275 incolume,
1524 236 1596 271 ficut
1604 238 1695 282 prius.
1712 239 1804 273 Tunc
1830 251 1861 285 Α

307 292 398 324 etiam
408 287 572 323 secundum
589 286 665 321 istud
675 310 686 326 ‚
702 294 938 331 quantacunque
951 281 1123 326 effetpoena
1137 282 1316 328 temporalis
1324 294 1415 328 quam
1431 281 1676 328 deberet,passio
1691 285 1805 319 Christi

308 334 500 381 quantolibet
516 345 610 379 paruo
626 334 739 366 merito
758 330 901 376 copulata
916 329 1032 362 tolleret
1047 328 1129 362 illam
1146 339 1252 362 totam.
1275 329 1375 362 Nulla
1385 332 1467 361 enirn
1485 330 1604 364 videtur
1619 334 1696 365 ratio
1713 343 1805 377 quare

309 392 425 415 tantam
436 381 555 414 tolleret
564 392 618 414 nec
626 382 774 412 maiorem
783 392 795 417 ς
810 379 878 410 imo
887 375 908 408 fi
915 385 1042 420 propter
1049 374 1112 407 hoc
1120 374 1205 419 quod
1212 376 1243 407 in
1250 374 1356 419 aliquo
1363 385 1480 408 tantum
1491 373 1742 419 superabundauit
1750 378 1805 410 de·

308 428 515 463 li&um,ianta
523 424 775 472 super-abundauit
784 430 813 457 st
823 420 1040 466 gratia‚eadem
1049 422 1166 454 ratione
1173 422 1203 453 in
1214 420 1275 453 alio
1284 443 1294 458 ‚
1302 419 1354 454 vbi
1361 422 1459 465 magis
1466 420 1722 465 superabundant
1729 423 1804 457 deli-

310 476 408 510 ctum,
418 478 518 505 maior
526 470 796 517 proportionaliter
809 466 1062 512 superabundaui't
1070 467 1101 501 ἃ
1110 468 1206 510 gratia
1214 466 1323 499 tollens
1332 467 1408 499 illud
1420 491 1430 505 ,
1444 478 1501 500 nec
1508 469 1612 501 minus
1619 470 1734 513 aliquid
1741 480 1804 502 me-

308 530 391 553 retur
401 520 438 552 de
447 530 614 563 augmento
625 518 725 562 gratiae
734 523 766 550 sc
776 515 881 560 gloriae
895 513 1094 557 lempitetnae.
1117 513 1236 546 Dicunt
1244 512 1293 550 alij
1327 512 1389 546 uod
1395 512 1445 546 ille
1455 511 1574 547 debitor
1580 526 1684 558 poenae
1695 514 1806 555 ‚habe-

310 564 354 598 bit
364 565 524 599 necessario
534 575 625 598 vnam
635 564 888 596 circumstantiam
897 560 1008 594 meriti,
1018 569 1111 604 quam
1120 559 1194 592 alius
1203 523 1397 591 nonhzibebit
1405 583 1414 598 ,
1422 557 1529 592 scilicet
1538 560 1624 604 quod
1631 571 1711 606 opus
1719 560 1805 595 suum

311 611 347 645 fir
356 612 536 655 poenitentia
544 612 575 645 ἃ
586 608 820 642 Ecclesiasticum
835 607 1065 639 Sacramentum
1075 611 1122 642 ‚sc
1130 605 1179 637 illa
1187 605 1409 637 circumstantia
1423 605 1501 638 tollit
1511 617 1636 649 poenam
1651 618 1807 652 tempora-

312 657 384 694 lem,
392 658 422 691 ὃ(
431 659 572 689 metitum
583 654 745 699 principale
752 654 879 699 acquirit
886 661 1083 696 augmentum
1093 652 1194 696 gratiae
1204 651 1234 685 ὅ(
1241 651 1345 694 gloriae
1352 649 1575 695 sempiternum.
1589 652 1649 686 Sed
1657 654 1733 685 illud
1742 665 1807 687 nori

312 701 415 736 soluit:
442 703 580 736 Ponatur
587 705 668 735 enim
679 725 689 740 ,
705 699 793 744 quod
809 709 876 732 reus
891 696 1153 742 peccativenialis‚
1168 703 1199 730 ει
1209 697 1494 740 poenaeternporalis
1501 695 1564 730 fine
1576 697 1807 733 confessione&

311 748 520 782 sacramentali
530 748 690 792 poenitetia
700 757 755 790 pro
762 745 819 779 illis
829 743 974 777 tollendis
981 740 1200 785 faciataliquod
1209 744 1292 786 pium
1300 753 1391 785 opus,
1403 743 1433 778 ὃ(
1441 743 1514 776 alius
1524 746 1668 777 immunis
1676 749 1808 777 omnino

312 796 466 839 aequaliter
476 803 640 827 mereatur:
653 792 713 826 Vel
726 802 861 836 ponatur
870 789 954 834 quod
962 789 1011 821 ille
1029 790 1175 821 immunis
1184 787 1285 821 credat
1293 790 1322 820 se
1330 798 1415 821 reum
1428 788 1528 821 fimilis
1536 794 1650 832 peccati
1658 792 1705 830 ,ἁ
1715 802 1806 825 tantae
1838 802 1863 834 Β

312 852 416 885 poenae
425 839 640 876 debitorem&
648 849 704 882 pro
711 839 767 871 illis
776 836 916 869 tollendis
925 835 1012 869 faciat
1021 833 1150 867 similiter
1157 832 1252 867 fimile
1259 844 1338 879 opus
1347 836 1488 868 omnino:
1499 835 1560 868 vel
1569 836 1807 880 ponaturadhuc

313 887 401 931 quod
411 886 449 918 lic
456 886 579 919 credens
587 895 759 917 conteratur
770 907 779 919 ‚
786 880 1009 918 confiteatur‚&
1018 879 1108 913 faciat
1116 892 1151 914 ex
1159 881 1255 924 gratia
1269 881 1376 912 omnia
1385 881 1539 925 aequaliter
1548 879 1620 914 ficut
1628 893 1695 915 reus
1704 907 1714 921 ,
1721 883 1750 917 ἂ
1760 894 1808 916 re-

314 935 439 965 uertitur
453 942 662 976 argumentum
675 943 682 963 ε
699 929 760 963 Vel
768 927 867 961 adhuc
884 937 1020 970 ponatur
1033 925 1119 970 quod
1135 926 1202 959 talis
1219 936 1286 959 rcus
1301 928 1414 970 peccati·
1427 927 1562 960 mortalis
1578 938 1713 971 tempore
1726 929 1802 972 legis

313 975 418 1022 prisca:
431 1002 438 1015 ‚
454 989 521 1021 qua:
530 975 652 1010 forsitan
659 975 696 1009 ad
705 976 765 1008 oris
773 972 996 1007 confessionem
1006 971 1174 1005 nullatenus
1182 971 1332 1015 obligauit
1339 997 1349 1011 ‚
1365 984 1420 1016 per
1427 973 1553 1016 gratiam
1562 974 1641 1011 Dei,
1649 978 1811 1007 contritio-

313 1035 384 1055 nem
395 1047 403 1060 ‚
413 1024 443 1058 ὃ(
451 1023 506 1056 alia
514 1034 607 1067 opera
620 1022 720 1055 sansta
729 1019 899 1054 satisfecerit
908 1031 966 1064 pro
976 1027 1124 1062 peccat03
1146 1029 1196 1051 aut
1202 1018 1287 1062 quod
1296 1017 1402 1062 aliquis
1411 1029 1550 1062 tempore
1558 1030 1648 1053 nouae
1655 1019 1730 1064 legis
1743 1031 1807 1052 non

312 1067 426 1103 liabens
437 1071 559 1113 copiam
568 1065 773 1106 Confefforis,
784 1065 919 1098 similiter
925 1063 1085 1097 satisfaciat
1094 1074 1150 1107 pro
1157 1074 1283 1108 peccato
1290 1063 1343 1096 luo
1352 1063 1495 1101 mortali,
1505 1063 1565 1097 fine
1572 1065 1760 1107 poenitentiae
1766 1064 1809 1098 sa-

312 1126 482 1152 cramento,
491 1115 521 1149 &
530 1111 898 1157 tolliturresponsiuncula
906 1114 968 1144 iam
976 1109 1131 1155 praemiffa.
1154 1109 1297 1153 Amplius
1304 1120 1404 1143 autem
1415 1109 1434 1141 fi
1444 1112 1515 1155 quis
1523 1122 1654 1144 meretur
1662 1123 1810 1154 augmen-

313 1171 377 1193 tum
388 1163 489 1205 gratiae
498 1159 535 1194 de
544 1160 702 1203 condigno
713 1183 722 1197 ,
738 1169 810 1191 tunc
823 1168 917 1202 opera
925 1158 1010 1201 aeque
1023 1166 1107 1199 grata
1117 1156 1231 1200 aequale
1238 1165 1391 1188 merentur
1397 1166 1596 1199 augmentum
1608 1170 1620 1195 3
1640 1157 1725 1190 faciat
1732 1169 1807 1202 ergo

314 1206 450 1239 Ioannes
469 1206 590 1251 aliquod
599 1217 678 1248 opus
692 1207 795 1249 gratiae
805 1202 1022 1236 tantummodo
1030 1213 1085 1245 pro
1095 1199 1191 1245 seipso
1202 1226 1211 1239 ,
1220 1200 1351 1234 dicendo
1359 1212 1428 1234 cum
1443 1200 1547 1235 Γειῃᾶο
1556 1201 1675 1236 Dauide
1684 1226 1693 1239 ,
1720 1203 1810 1236 Mise-

311 1263 374 1285 rere
385 1254 444 1284 mei
454 1254 559 1290 Deus;
583 1252 690 1284 Petrus
697 1249 771 1283 vcro
781 1250 955 1292 faciatopus
964 1249 1063 1291 gratiae
1072 1249 1157 1291 aeque
1167 1249 1357 1280 meritorium
1367 1258 1424 1290 pro
1431 1247 1495 1285 aliis
1503 1272 1512 1286 ‚
1528 1247 1702 1292 &ipsorum
1714 1251 1808 1292 gratia

311 1299 495 1334 intendatur,
508 1297 639 1330 dicendo
649 1308 718 1328 cum
730 1294 935 1338 Apostolo‚ad
944 1293 1057 1337 Philip.
1070 1303 1098 1327 i.
1106 1293 1181 1326 Hoc
1189 1303 1260 1333 oro,
1271 1302 1304 1325 vt
1311 1292 1441 1325 charitas
1452 1293 1547 1326 vestra
1556 1295 1653 1337 magis
1667 1305 1702 1326 ac
1711 1296 1807 1339 magis

312 1343 444 1378 abundet
456 1356 463 1377 ς
485 1355 554 1376 tunc
565 1344 660 1388 gratia
672 1342 797 1374 loannis
813 1339 976 1373 secundum
985 1339 1097 1383 aliquid
1104 1349 1222 1371 certum
1231 1349 1373 1382 augetur,
1383 1338 1413 1372 ὅ(
1421 1340 1515 1382 gratia
1525 1339 1599 1372 Petri
1609 1350 1747 1379 tantum3
1769 1351 1807 1374 2-

314 1391 440 1433 qualiter
449 1391 529 1422 enim
546 1393 735 1427 meretum&
746 1389 840 1431 gratia
849 1386 970 1418 illorum
980 1396 1035 1428 pro
1052 1384 1160 1428 quibus
1175 1385 1284 1418 Petrus
1291 1394 1356 1417 orat
1365 1409 1375 1423 ,
1393 1386 1554 1428 augeturin
1565 1385 1688 1429 aliquo:
1706 1387 1807 1427 Quic-

312 1435 387 1479 quid
403 1437 482 1469 enim
500 1436 675 1478 petierimus
692 1433 807 1467 Patrem
825 1435 855 1464 in
872 1433 997 1465 nomine
1017 1430 1081 1468 Filii
1101 1429 1184 1464 dabit
1203 1429 1310 1464 nobis;
1335 1429 1443 1463 Petrus
1460 1442 1534 1473 ergo
1554 1429 1725 1474 simpliciter
1739 1432 1811 1476 plus

313 1492 460 1518 merctur,
486 1481 573 1525 quod
583 1479 764 1522 contradicit
773 1476 932 1522 hypothesi
942 1476 1110 1509 manifeste.
1144 1475 1276 1510 Videtur
1286 1476 1373 1509 ctiam
1383 1475 1466 1517 quod
1482 1478 1580 1509 oratio
1586 1476 1704 1510 Petriin
1713 1480 1810 1521 gratia

314 1525 384 1560 essct
392 1529 488 1559 meriti
501 1525 625 1559 infiniti:
658 1527 723 1558 Sint
731 1526 813 1558 enirn
823 1524 914 1556 multi
923 1522 1060 1556 infideles
1067 1520 1205 1566 dispositi
1214 1520 1253 1554 ad
1263 1522 1390 1563 gratiam
1403 1520 1472 1553 fidei
1482 1521 1673 1562 Chnssimae,
1682 1534 1740 1566 pro
1747 1526 1812 1567 qui.

314 1573 371 1605 bus
381 1584 446 1605 oret
457 1573 560 1605 Petrus
569 1582 687 1604 tantum
696 1569 870 1614 generaliter
880 1593 889 1606 ,
898 1580 930 1602 vt
937 1578 1154 1601 conuertaniur
1162 1567 1200 1600 ad
1206 1566 1300 1599 fidem
1312 1590 1322 1607 ‚
1329 1567 1360 1601 ἃ
1369 1564 1421 1598 fiat
1428 1577 1520 1600 vnum
1528 1567 1610 1600 ouile
1619 1592 1629 1607 ,
1636 1573 1667 1600 sc
1677 1580 1753 1601 vnus
1760 1581 1811 1612 pa·

313 1620 383 1651 stor.
411 1618 494 1650 Cum
505 1629 577 1661 crgo
588 1617 731 1662 quicquid
747 1617 921 1660 petierimus
928 1615 1050 1647 Patrem
1058 1624 1089 1645 in
1098 1615 1226 1645 nomine
1234 1612 1300 1651 Filii
1318 1636 1326 1650 ‚
1347 1610 1432 1645 dabit
1445 1611 1533 1644 nobis
1544 1639 1553 1652 ,
1561 1614 1692 1657 aliquem
1702 1614 1749 1647 vel
1758 1615 1813 1648 ali-

314 1665 524 1707 quosillorum
535 1673 714 1701 conuertct;
736 1662 767 1696 ὃ(
776 1661 846 1693 cuin
857 1661 938 1692 nulla
948 1660 981 1692 fit
989 1660 1075 1692 causa
1082 1662 1183 1690 maior
1191 1668 1249 1702 pro
1258 1670 1322 1691 vno
1332 1656 1427 1701 quam
1438 1669 1494 1701 pro
1505 1659 1576 1695 alio,
1593 1661 1669 1698 (esto
1679 1660 1763 1703 quod
1773 1671 1808 1693 ae-

314 1711 437 1752 qualiter
465 1707 685 1753 disponantur)
708 1707 842 1751 sequitur
858 1706 941 1750 quod
957 1706 1064 1749 singuli
1079 1714 1316 1743 conuertentut;
1333 1702 1477 1738 &eadem
1492 1706 1607 1737 ratione
1622 1703 1659 1737 fic
1677 1706 1778 1744 fieret,
1789 1705 1811 1738 fi

314 1753 406 1788 essent
415 1755 600 1794 centum,vel
610 1754 703 1792 mille,
712 1767 725 1784 v
733 1756 758 1784 el
775 1754 806 1786 in
815 1754 918 1795 aliquo
929 1762 1056 1784 numero
1066 1761 1312 1794 quantocunque.
1342 1749 1459 1780 Oratio
1468 1760 1540 1793 ergo
1551 1750 1627 1783 Petri
1636 1774 1644 1786 ,
1661 1762 1810 1794 quantum

313 1801 398 1834 estde
406 1801 446 1840 sc,
461 1812 524 1832 non
540 1802 580 1833 est
592 1801 688 1833 meriti
705 1800 836 1835 limitati,
862 1798 911 1830 sed
930 1797 1031 1841 potius
1045 1795 1162 1829 infiniti.
1197 1794 1412 1828 Confirmatur
1420 1792 1566 1828 haecratio
1576 1819 1586 1834 ,
1601 1798 1672 1840 quia
1682 1795 1701 1828 fi
1711 1807 1812 1830 oratio

312 1847 394 1879 Petri
404 1857 522 1879 tantum
533 1848 584 1878 vni
595 1846 724 1883 valeret,
748 1842 815 1877 esset
824 1845 894 1876 certi
905 1844 1000 1876 meriti
1009 1856 1021 1881 3
1031 1840 1050 1874 si
1062 1841 1157 1874 valeat
1166 1840 1300 1877 duobus,
1308 1841 1348 1872 est
1356 1840 1534 1880 maioris,&
1545 1839 1583 1872 sic
1592 1841 1734 1886 deinceps
1747 1854 1756 1879 ;
1781 1843 1812 1877 ὅ(

315 1904 432 1936 quanto
442 1895 481 1926 est
493 1894 615 1926 maioris
627 1892 724 1923 meriti
735 1914 743 1927 ‚
754 1901 841 1923 tanto
851 1889 972 1933 dignior
980 1889 1019 1921 est
1028 1912 1036 1925 ‚
1058 1898 1089 1920 vt
1099 1898 1154 1930 pro
1162 1885 1298 1931 pluribus
1307 1895 1478 1928 acceptetur
1494 1896 1502 1916 τ
1527 1887 1662 1931 Qanto
1670 1898 1744 1930 ergo
1755 1899 1811 1932 pro
1836 1903 1868 1936 D

314 1938 453 1983 pluribus
462 1936 586 1975 orat‚&
600 1937 722 1971 auditur
732 1960 740 1973 ‚
765 1945 850 1969 tanto
860 1935 960 1967 adhuc
975 1945 1032 1977 pro
1048 1932 1181 1975 pluribus
1196 1931 1318 1975 dignius
1331 1930 1482 1964 audietur.
1509 1931 1640 1965 Rursum
1649 1934 1717 1965 cum
1727 1933 1813 1967 nullo

314 1983 412 2016 modo
421 1982 600 2016 rationabile
607 1982 741 2016 videatur
751 2007 760 2020 ‚
769 1981 855 2026 quod
864 1991 1004 2013 meritum
1012 1979 1159 2010 orationis
1170 1977 1245 2010 Petri
1254 1978 1323 2021 plus
1333 1976 1430 2010 valeat
1438 1987 1475 2008 ex
1483 1976 1600 2018 debito,
1607 1978 1671 2017 alii,
1678 1979 1725 2012 vel
1732 1979 1814 2017 aliis,

314 2031 407 2074 quam
418 2029 468 2072 ipsi
479 2030 570 2062 Petro
580 2040 664 2066 ,cum
681 2027 818 2060 psalmus
833 2025 1002 2069 trigesimus
1015 2034 1135 2068 quartus
1144 2023 1239 2061 dicat,
1263 2025 1375 2056 Oratio
1393 2023 1495 2056 meain
1508 2022 1570 2057 sinu
1577 2034 1649 2057 meo
1658 2035 1816 2058 conuerte-

315 2087 362 2109 tur
371 2100 380 2113 ,
390 2075 509 2108 videtur
518 2074 602 2119 quod
612 2075 660 2107 illa
671 2074 769 2106 oratio
781 2071 815 2105 sit
824 2083 913 2106 etiam
923 2069 974 2115 ipsi
986 2070 1076 2102 Petro
1085 2070 1181 2101 metiti
1190 2068 1311 2104 infiniti.
1339 2069 1479 2101 Siautcm
1490 2068 1605 2101 dicatur
1613 2094 1620 2107 ,
1628 2070 1713 2114 quod
1722 2082 1817 2115 quan-

317 2133 351 2153 to
362 2120 496 2166 pluribus
505 2131 637 2153 meretur
646 2121 774 2163 gratiam
785 2144 792 2155 ‚
815 2128 901 2152 tanto
910 2115 1032 2149 cuilibet
1041 2114 1164 2148 illorum
1174 2114 1325 2146 minorem
1335 2123 1487 2153 metetur3
1510 2125 1603 2158 quare
1609 2126 1687 2148 ratio
1695 2116 1744 2149 illa
1751 2127 1816 2149 non

316 2167 453 2210 procedit
463 2178 471 2199 3
488 2165 547 2198 boc
556 2168 628 2198 state
643 2177 707 2197 non
717 2163 812 2209 potest
822 2177 829 2195 :
839 2164 911 2208 quia
920 2174 992 2195 tunc
1000 2171 1163 2193 mereretur
1180 2159 1330 2203 aliquibus
1339 2159 1489 2192 minorem
1498 2171 1623 2203 gratiam
1636 2163 1732 2204 gratia
1738 2162 1815 2205 bap-

318 2213 437 2249 tismali,
448 2217 478 2243 δε
497 2213 649 2244 minorem
658 2211 787 2255 gloriam
803 2210 1016 2252 sempiternam
1028 2207 1131 2250 ‚quam
1149 2204 1319 2237 sitminima
1333 2204 1430 2248 gloria
1444 2206 1641 2250 paruulorum
1657 2231 1666 2244 ‚
1681 2218 1734 2240 aut
1749 2219 1814 2252 quae

318 2270 369 2301 per
378 2260 405 2290 sc
413 2257 502 2302 polsit
511 2257 620 2290 sentiri.
651 2256 789 2300 Amplius
805 2265 907 2287 autem
919 2252 1003 2297 quod
1013 2263 1106 2295 opera
1116 2251 1203 2294 aeque
1224 2262 1310 2295 grata
1320 2261 1384 2283 non
1399 2261 1571 2284 mereantur
1585 2251 1737 2296 condigne
1745 2265 1813 2296 gra-

319 2315 392 2336 tiam
403 2314 503 2346 augeri
512 2303 676 2346 aeqiiali'ter,
685 2300 837 2335 suadetur3
864 2310 932 2343 quia
944 2310 1015 2332 tunc
1023 2296 1128 2330 eadem
1136 2297 1255 2329 ratione
1268 2306 1455 2328 mererentur
1462 2297 1615 2340 aequaliter
1622 2307 1726 2331 caetera
1733 2298 1815 2332 bona

319 2351 442 2386 cunehn
453 2360 523 2381 curn
535 2360 638 2381 tamen
648 2348 780 2380 duorum
790 2346 950 2392 aequalium
962 2341 1415 2388 priordeccdensscmperaeque
1423 2339 1549 2379 intense,
1563 2343 1594 2377 &
1602 2354 1671 2376 curn
1680 2341 1740 2376 hoc
1749 2344 1815 2376 diu-

320 2397 379 2427 iiiis
389 2394 446 2427 alio
455 2395 608 2436 glorietur.
635 2396 712 2427 Item
722 2403 793 2424 tunc
810 2391 935 2424 existens
945 2393 974 2422 in
984 2390 1078 2432 gratia
1087 2384 1181 2430 posset
1189 2399 1243 2432 per
1255 2390 1410 2421 orationes
1421 2389 1481 2421 suas
1491 2389 1599 2420 mereri
1607 2389 1645 2421 de
1654 2389 1814 2433 condigno

320 2444 450 2483 primam
460 2451 585 2483 gratiam
599 2440 682 2471 alteri
691 2439 818 2483 gratiam
828 2448 890 2468 non
901 2434 1019 2468 habenti
1030 2449 1041 2473 3
1064 2444 1126 2465 non
1137 2444 1209 2476 ergo
1219 2433 1288 2466 effer
1297 2433 1388 2477 gratia
1397 2444 1449 2476 per
1457 2433 1615 2477 predium
1630 2434 1696 2468 imo
1705 2442 1736 2469 8(
1744 2437 1814 2479 pos-

322 2486 361 2518 set
377 2489 481 2518 mereri
492 2486 529 2516 de
538 2485 698 2527 condigno
715 2484 767 2517 sibi
776 2483 829 2526 ipfi
847 2483 973 2526 gratiam
989 2482 1118 2524 primam
1135 2478 1199 2511 dari
1225 2489 1232 2507 :
1260 2480 1340 2512 Oret
1348 2479 1428 2511 enim
1438 2479 1468 2512 in
1478 2482 1588 2522 gratim
1611 2480 1695 2524 quod
1705 2479 1725 2513 fi
1734 2492 1808 2514 con-

323 2534 418 2575 tingat
430 2543 498 2563 cum
508 2531 612 2564 cadere
621 2530 657 2563 ab
666 2542 700 2563 ea
708 2529 866 2573 peccando
883 2527 1069 2564 mortaliter,
1091 2525 1174 2556 Deus
1183 2523 1324 2557 infundat
1340 2522 1392 2557 sibi
1400 2535 1527 2568 gratiam
1541 2523 1730 2569 resurgendi,
1738 2527 1768 2560 ὅ(
1777 2525 1812 2559 fit

322 2580 421 2610 oratio
432 2577 481 2610 sua
491 2589 549 2609 raim
561 2576 668 2609 efficax
679 2601 687 2613 ,
710 2574 792 2618 quod
803 2573 862 2606 hoc
876 2576 1016 2616 impetret
1025 2571 1062 2604 de
1078 2568 1235 2611 condigno
1245 2595 1256 2610 ,
1281 2581 1353 2602 tunc
1366 2570 1388 2602 fi
1398 2582 1501 2614 peccet
1515 2572 1684 2604 mortaliter
1693 2596 1701 2609 ,
1725 2573 1810 2605 Deus

323 2634 441 2656 tenetur
449 2635 485 2656 ex
495 2625 605 2655 merito
616 2622 669 2654 suo
678 2620 838 2662 condigno
848 2619 957 2661 priori,
980 2621 1050 2649 darc
1064 2614 1115 2648 sibi
1126 2617 1251 2658 gratiam
1261 2617 1391 2659 primam
1408 2627 1467 2659 qua
1485 2617 1624 2659 resurgat.
1653 2616 1731 2649 Item
1741 2627 1812 2651 tunc

323 2669 442 2701 adultus
452 2671 480 2701 in
490 2671 590 2712 primo
599 2668 729 2701 instanti,
738 2678 804 2712 quo
816 2664 867 2697 sibi
877 2663 1046 2698 infunditur
1053 2663 1158 2704 gratia,
1169 2662 1266 2705 potest
1281 2663 1434 2694 meritorie
1449 2661 1499 2695 illa
1510 2664 1563 2693 vti.
1576 2661 1647 2694 sicut
1658 2662 1746 2706 plane
1755 2662 1813 2696 do-

325 2727 370 2748 cet
382 2714 545 2746 Anselmus
553 2716 615 2752 ‚De
626 2714 759 2749 veritate,
771 2722 779 2742 i
791 2722 820 2742 ι.
830 2710 914 2753 quod
925 2709 1066 2745 &multis
1074 2706 1292 2746 rationibus‚&
1306 2707 1515 2741 autoritatibus
1530 2706 1602 2740 alias
1611 2718 1674 2741 erat
1684 2709 1812 2747 suasum,

325 2763 368 2796 ὃς,
380 2757 730 2803 vraestimo,persuasurn.
753 2759 860 2799 Qiare
877 2761 907 2788 ὅ(
924 2756 1021 2800 potest
1036 2754 1141 2786 meteri
1158 2752 1364 2796 condigne,&
1379 2754 1510 2795 recipere
1525 2764 1557 2784 in
1572 2753 1680 2786 eodem
1692 2753 1811 2787 instanti

325 2817 525 2850 augmentum
537 2807 623 2838 illius.
652 2806 689 2837 Et
699 2815 767 2835 cum
777 2806 806 2834 in
822 2803 965 2846 qualitate
978 2801 1091 2833 intensa
1107 2809 1169 2830 non
1187 2797 1365 2832 fitcumulus
1374 2800 1501 2842 partium
1512 2799 1707 2837 remissarum,
1718 2798 1766 2831 sed
1776 2797 1811 2831 sit

141 2851 278 2889 llvssiUOOE
325 2850 684 2898 sempertaniiimssvnica
692 2850 817 2894 qualitas
826 2849 900 2893 pure
915 2846 1038 2891 simplex
1050 2871 1059 2887 ‚
1074 2854 1107 2879 vt
1120 2843 1171 2877 hic
1180 2846 1335 2888 suppono,
1349 2846 1418 2890 quia
1433 2843 1492 2877 hoc
1500 2854 1531 2878 vt
1544 2842 1674 2877 arbitror
1688 2843 1756 2922 alibsi
1771 2845 1813 2878 est

1646 2890 1730 2923 osten
1747 2901 1811 2929 um;
