1985 3130
205 180 303 229 704
800 160 967 211 ‘Thomae
982 159 1271 210 Bradwardini
1694 163 1737 213 L
1748 181 1762 213 1
1775 183 1859 232 B.3.

1830 260 1859 294 A

798 345 847 395 C
872 346 922 394 A
946 345 996 394 Ρ.
1071 345 1117 393 Χ
1131 344 1177 392 X
1191 343 1273 394 VI
1292 345 1326 392 I.

381 449 1073 527 ‘Respondetftcundumftntentiam
1084 447 1413 517 Philosophorum
1426 460 1484 506 ξφ
1497 451 1800 521 Τέιεοίοὲονιινη,

437 520 544 589 quiid
550 522 818 588 omniafutura
829 524 1005 568 euenient
1019 518 1067 567 de
1084 519 1254 587 quadam
1264 521 1481 587 necestitate
1492 522 1653 589 respeHu
1664 530 1802 588 causas

436 611 524 640 rum
552 594 782 659 uperiorum‚
791 609 866 639 non
878 592 1088 648 contraria,
1085 587 1164 653 sed
1175 591 1426 657 coifinmnea
1437 588 1609 640 libertati
1613 631 1620 641 ,

620 728 641 753 „⁹
695 705 727 738 Τ
742 716 845 739 autem
854 704 1014 748 superisto,
1030 707 1110 748 prius
1117 705 1211 749 quarn
1222 704 1369 744 recedam,
1380 707 1536 751 propriam
1546 707 1720 740 sententiam
1730 718 1798 751 pro-
1831 730 1856 765 Β

696 751 804 787 feram,
822 750 887 784 imo
900 763 960 784 non
970 752 1028 784 mei
1038 755 1203 795 propriam,
1219 751 1268 784 sed
1279 751 1400 784 Parrum
1410 753 1580 786 nostrorum
1591 764 1801 795 communem,

526 832 533 847 ‹
609 825 614 831 ζ
695 795 843 840 supposita
853 797 1041 830 distinetione
1057 797 1094 829 de
1111 796 1279 830 necessitate
1287 797 1483 831 antecedente
1492 797 1744 844 &const-quente,
1759 799 1800 831 se-

511 851 522 859 *
576 862 579 865 -
611 874 627 880 m
695 843 797 876 cundo
807 843 896 875 huius
906 839 1070 885 praemiff23
1084 843 1165 875 Dico
1175 842 1261 886 quod
1271 842 1379 887 duplex
1390 843 1431 875 est
1439 843 1592 877 necessitas
1601 845 1798 878 antecedens:

494 919 509 935 n
568 890 586 905 ‘'
644 918 648 930 ἶ
696 900 754 921 vna
764 891 880 931 penitus
888 888 1035 924 absoluta,
1052 890 1083 923 ὅ(
1096 888 1152 921 aha
1166 888 1402 931 quodammodo
1419 890 1583 932 respestiua
1602 903 1612 928 ς
1628 889 1659 923 ὅ(
1675 889 1738 923 haec
1746 890 1800 924 du-

548 930 578 954 *
592 927 608 957 '1
646 933 648 935 ’
695 934 775 978 plex,
792 933 896 967 scilicet
914 932 1046 977 reipeihi
1063 934 1228 977 aliquarum
1244 934 1290 967 vel
1299 933 1621 968 omniuminferiotum
1631 936 1689 968 fiue
1697 938 1801 969 secun-

697 979 803 1011 darum
815 981 982 1016 causarum,
998 990 1048 1012 aut
1067 980 1182 1012 tantum
1191 980 1325 1024 respeQu
1334 978 1514 1023 superiorum
1524 981 1555 1016 ὃ(
1562 987 1724 1025 primarum
1734 993 1802 1014 cau-

486 1046 506 1049 --
697 1026 808 1064 sarum,
825 1023 1062 1058 scilicetsummae
1079 1026 1110 1058 5<
1126 1026 1230 1068 prima:
1247 1026 1338 1058 causae
1353 1030 1504 1063 omnium,
1518 1028 1570 1069 qui
1579 1028 1663 1059 Deus
1672 1027 1720 1059 est.
1747 1027 1802 1060 lste

140 1074 304 1115 :Augustinus
323 1084 424 1106 autern
436 1070 745 1116 modusloquendide
755 1070 847 1103 causis
858 1070 1057 1112 superioribus
1073 1077 1104 1103 &
1122 1069 1313 1104 inferioribus
1322 1073 1415 1112 potest
1427 1071 1527 1104 habeti
1537 1071 1574 1102 ab
1582 1072 1752 1115 Augustino
1768 1077 1801 1106 6.

322 1118 410 1163 super
418 1117 527 1150 Genes.
537 1118 573 1150 ad
583 1118 693 1152 literam
704 1127 755 1149 22.
765 1115 816 1149 vbi
825 1117 908 1154 dicit,
926 1114 1012 1159 quod
1030 1116 1175 1149 Ezechias
1187 1117 1353 1149 secundum
1362 1116 1460 1150 causas
1469 1116 1625 1150 inferiores
1634 1117 1750 1150 finierat
1757 1120 1802 1149 vi-

324 1174 386 1196 tam
395 1165 475 1195 suam
485 1165 617 1195 termino
626 1163 664 1196 ab
676 1161 756 1195 Esaia
765 1162 920 1205 praedij,
935 1160 1097 1193 secundum
1115 1161 1186 1193 alias
1204 1162 1277 1194 vero
1287 1163 1398 1201 causas,
1415 1162 1520 1195 scilicet
1531 1165 1705 1206 superiores,
1721 1174 1801 1206 quae,

322 1220 355 1241 vt
365 1209 449 1247 dicit,
468 1208 570 1241 suntin
580 1210 738 1241 voluntate
747 1213 777 1240 8(
787 1207 968 1250 ptaescientia
985 1208 1055 1246 Dei,
1070 1217 1140 1240 tunc
1156 1217 1214 1239 erat
1230 1207 1366 1240 finiturus
1384 1211 1475 1241 vitam
1484 1208 1607 1250 quando
1616 1219 1679 1242 eam
1691 1208 1802 1242 finiuit.

141 1256 303 1288 Lumbaerdus.
323 1253 517 1287 Lumbardus
527 1265 624 1287 autern
633 1266 662 1287 2.
671 1252 862 1286 sentent-dist.
872 1263 921 1293 17.
931 1251 967 1283 de
978 1251 1179 1296 superioribus
1188 1251 1416 1286 &inferioribus
1423 1252 1660 1298 caufisloquens,
1676 1254 1748 1286 dicit
1758 1256 1802 1286 su-

143 1300 227 1338 Gloffa.
323 1302 459 1346 periotes
469 1301 567 1332 causas
575 1296 630 1332 csse
644 1300 829 1332 voluntatem
843 1303 873 1333 δι
882 1299 1048 1340 potentiam
1061 1299 1121 1330 Dei
1143 1312 1150 1331 :
1165 1296 1267 1331 Gloffa
1278 1299 1352 1332 vero
1360 1298 1443 1342 super
1453 1297 1566 1331 Esaiam
1579 1302 1629 1344 38.
1647 1298 1697 1332 vbi
1706 1302 1802 1344 agitur
1817 1289 1847 1323 C

323 1346 361 1380 de
372 1345 565 1389 praedistionc
576 1347 691 1382 mortis,
708 1346 737 1379 ὃ(
745 1344 1078 1377 ειάιτᾶἰοηίςῑιηηοτυπι
1088 1346 1157 1376 vitae
1169 1344 1317 1382 Ezechiae,
1326 1347 1421 1377 innuit
1429 1344 1556 1377 eandem
1567 1346 1803 1384 distinctionem,

323 1392 377 1425 sub
384 1390 481 1423 verbis
491 1402 592 1424 tamen
603 1390 851 1428 diuersis,dicens,
860 1388 945 1433 quod
956 1391 1041 1423 Deus
1053 1389 1175 1422 duobus
1182 1390 1282 1423 modis
1291 1391 1402 1433 aliquas
1412 1389 1751 1429 tesconfiderat‚scilicet
1760 1391 1803 1423 se-

324 1438 459 1470 eundum
469 1448 577 1468 merita
586 1442 616 1472 &
627 1447 760 1469 naturam
771 1437 896 1479 rei,quae
906 1435 1047 1468 dicuntur
1056 1435 1148 1468 causae
1157 1434 1364 1476 inferiores‚&
1373 1435 1533 1468 secundum
1542 1435 1624 1468 suum
1633 1435 1802 1469 confilium.

325 1483 501 1516 Consilium
511 1494 584 1526 ergo
593 1481 653 1514 Dei
661 1480 824 1514 secundum
832 1493 912 1518 eam,
930 1481 969 1513 est
985 1478 1070 1513 causa
1086 1483 1226 1523 superior,
1243 1482 1289 1515 vel
1298 1481 1395 1514 causas
1407 1481 1570 1524 superiores
1580 1482 1801 1524 complestens3

324 1529 417 1561 causae
426 1527 498 1560 vcro
506 1529 673 1565 inferiores,
690 1529 829 1560 meritum
839 1528 868 1561 ὃ(
877 1538 992 1560 natura.
1018 1526 1102 1559 Idem
1113 1528 1223 1560 modus
1232 1529 1320 1560 etiam
1328 1526 1472 1571 loquendi
1483 1537 1628 1569 quantum
1636 1526 1673 1559 ad
1681 1527 1802 1560 alteram

326 1576 388 1607 eius
397 1583 527 1617 partem,
536 1571 783 1606 scilicetdecausis
792 1583 906 1616 primis,
923 1573 970 1605 seu
980 1572 1064 1604 causa
1074 1574 1170 1615 prima
1182 1580 1210 1606 ὅ(
1222 1571 1352 1606 secundis
1362 1574 1426 1606 satis
1436 1582 1471 1604 ex
1482 1571 1678 1615 Philosophia
1686 1582 1804 1616 cogno·

325 1621 428 1658 scitur,
445 1617 495 1650 vbi
503 1620 587 1651 Deus
598 1617 908 1651 vocarurcreberrirne
918 1617 1000 1650 causa
1010 1629 1106 1662 prima
1123 1632 1133 1657 3
1150 1629 1223 1662 ergo
1241 1619 1272 1651 in
1288 1619 1519 1663 comparatione
1532 1618 1568 1652 ad
1580 1618 1755 1661 posteriores
1771 1623 1802 1650 δι

326 1664 479 1701 secundas,
495 1664 619 1709 quod&
631 1663 697 1697 satis
705 1665 919 1706 exprimiturin
931 1663 1138 1708 propositione
1154 1667 1250 1708 prima
1266 1664 1303 1696 de
1319 1664 1420 1696 caufis.
1445 1664 1618 1697 Secundum
1633 1663 1712 1697 hanc
1727 1675 1802 1707 ergo

325 1710 545 1744 distinstioncm
555 1710 671 1743 videtur
679 1709 934 1746 mihidicendum,
950 1709 1038 1752 quod
1046 1721 1110 1741 non
1119 1712 1224 1742 omnia
1241 1722 1307 1754 quae
1321 1711 1470 1748 euenient‚
1485 1709 1670 1743 euenientde
1680 1710 1805 1742 necessi.

328 1766 386 1789 tate
396 1758 512 1798 penitus
524 1755 672 1792 absoluta,
680 1755 750 1788 sicut
759 1755 976 1788 duodecimum
986 1754 1075 1788 huius
1103 1753 1203 1792 robat,
1220 1767 1274 1788 nec
1281 1757 1368 1789 etiam
1377 1756 1687 1799 respectiua‚respeetu
1695 1755 1804 1788 scilicet

326 1801 492 1845 aliquarum
505 1811 555 1833 aut
566 1802 705 1833 omnium
715 1799 890 1833 inferiorum
910 1800 967 1833 siue
982 1800 1066 1833 secun
1092 1811 1176 1833 arum
1192 1803 1354 1840 causarum,
1367 1801 1439 1833 sicut
1452 1800 1518 1844 5.8.
1529 1808 1558 1834 δι
1570 1813 1600 1838 9.
1611 1800 1695 1832 huius
1704 1801 1803 1833 osten-

327 1845 405 1879 dunt
423 1860 434 1884 ;
450 1843 500 1878 sed
511 1848 614 1879 omnia
623 1858 690 1891 quae
700 1848 850 1883 euenient,
858 1848 998 1879 euenient
1008 1846 1045 1877 de
1054 1845 1226 1879 necessitate
1235 1847 1404 1890 tespcrstiua.
1422 1849 1552 1890 respestu
1561 1844 1803 1889 scilicetsuperio-
1822 1841 1854 1874 D

327 1902 395 1925 rum
404 1891 465 1924 siue
474 1893 638 1934 primarum
649 1893 814 1927 causarum,
830 1904 895 1935 quae
906 1894 970 1925 sunt
979 1892 1117 1925 voluntas
1128 1894 1156 1926 ὅ(
1168 1893 1303 1935 potentia
1312 1891 1418 1924 summi
1427 1893 1494 1925 Dei.
1514 1893 1591 1924 Non
1601 1892 1641 1925 est
1650 1901 1749 1924 autem
1757 1893 1805 1924 in-

326 1936 540 1980 telligendum,
557 1937 642 1981 quod
652 1940 744 1969 causae
760 1935 917 1970 inferiores
925 1937 1215 1981 omnesvelahquae,
1231 1938 1482 1980 putarationales,
1496 1948 1640 1980 quantum
1657 1938 1696 1969 est
1712 1935 1750 1969 de
1765 1936 1805 1975 se,

328 1983 541 2026 possentagere
551 1982 641 2016 libere
660 1983 719 2016 lioc
730 1983 773 2015 vel
781 1982 853 2015 illud
869 1997 879 2021 ς
896 1990 925 2016 8(
939 1982 1024 2025 quod
1034 1981 1119 2015 causa
1131 1983 1265 2026 superior
1279 1982 1429 2027 Deusipse
1438 1984 1511 2026 pure
1522 1980 1681 2015 necessario
1689 1993 1758 2025 agat
1765 1981 1806 2014 ad

328 2038 425 2067 extra,
440 2034 469 2060 δι
482 2027 518 2060 sic
528 2028 593 2061 illas
602 2027 753 2060 necessitei
765 2028 802 2059 ad
814 2029 979 2071 agendum,
993 2035 1137 2072 quoniam
1145 2028 1416 2062 contradiffionem
1425 2027 1601 2066 includeret,
1614 2026 1701 2071 quod
1709 2027 1806 2070 aliqua

329 2072 416 2106 causa
425 2073 716 2118 inferior-quiequam
728 2085 825 2117 ageret
835 2073 894 2106 fine
904 2075 1000 2117 prima
1010 2074 1173 2116 specialiter
1181 2075 1209 2108 ὃ(
1219 2074 1342 2117 proprie
1351 2084 1508 2117 congente,
1524 2072 1590 2106 imo
1599 2074 1629 2107 ἃ
1637 2072 1806 2105 naturaliter

329 2129 511 2162 praeagente,
530 2118 600 2153 sicut
610 2118 796 2157 vicesimum,
806 2118 978 2151 vicesimum
988 2122 1141 2155 oetauum,
1155 2126 1186 2152 ὅτ.
1202 2117 1380 2151 tricesimum
1390 2119 1508 2152 secundi
1519 2117 1683 2162 probarunt
1696 2132 1707 2156 ς
1723 2119 1807 2151 aetus

328 2175 449 2207 quoque
459 2163 625 2197 voluntatis
633 2164 743 2196 diuina:
752 2164 788 2197 ad
798 2176 878 2198 extra
887 2164 958 2196 nulli
968 2166 1133 2197 necessitati
1144 2164 1318 2206 praeccdenti
1328 2164 1488 2203 subiicitur.
1505 2163 1553 2196 sed
1564 2165 1605 2196 est
1613 2161 1690 2195 solus
1700 2160 1808 2206 simpli-

330 2212 403 2241 citer
419 2210 600 2252 contingens
614 2209 651 2242 ad
670 2210 855 2246 vti-utrilibet,
875 2217 905 2243 &
921 2208 995 2242 liber
1010 2208 1179 2252 simpliciter
1192 2208 1324 2244 libertate
1338 2210 1601 2249 contradictionis,
1616 2208 1687 2241 ficut
1702 2207 1808 2241 docuit

328 2255 469 2298 quintum
480 2254 579 2287 huius.
602 2255 659 2288 Sed
669 2255 895 2299 intelligendum
908 2255 967 2288 hoc
978 2253 1087 2293 mod0,
1104 2254 1188 2298 quod
1204 2256 1307 2288 omnia
1323 2266 1390 2301 quae
1401 2257 1549 2292 circuierit,
1565 2253 1747 2288 euenientde
1756 2265 1808 2286 ne·

331 2299 465 2332 cessitate
474 2301 624 2332 causarum
637 2301 834 2342 superiorum,
851 2301 881 2333 id
891 2303 940 2335 est,
955 2302 1057 2333 omnia
1074 2311 1138 2344 quae
1154 2302 1304 2339 euenienr,
1319 2302 1456 2334 euenient
1468 2301 1620 2334 causaliter
1628 2299 1666 2330 de
1674 2300 1807 2342 potentia

332 2344 528 2377 &voluntate
538 2346 597 2378 Dei
606 2345 847 2389 superioribus&
867 2344 1016 2390 prioribus
1026 2347 1196 2378 naturaliter
1212 2348 1240 2379 in
1255 2344 1403 2380 caufiindo
1419 2347 1482 2383 alijs
1499 2344 1734 2390 quibuscunque,
1750 2354 1807 2376 nec

333 2389 373 2421 est
391 2388 559 2432 simpliciter
573 2397 602 2423 8<
615 2390 859 2424 antecedenterin
872 2391 1144 2434 potestatealicuius
1161 2401 1211 2424 aut
1226 2391 1391 2433 aliquarum
1408 2390 1558 2424 causatum
1576 2391 1751 2424 inferiorum
1770 2401 1808 2423 ne
1821 2389 1845 2421 Ε

334 2436 440 2467 omnia
454 2435 502 2468 illa
518 2437 656 2468 eueniant
674 2450 681 2467 :
699 2437 745 2469 vel
763 2435 880 2469 breuius
898 2438 954 2468 isto
964 2436 1071 2475 modo,
1090 2438 1208 2469 Omnia
1227 2447 1294 2480 quae
1311 2438 1459 2477 euenient,
1477 2439 1613 2470 euenient
1630 2435 1667 2467 de
1681 2436 1808 2468 necessi-

333 2490 392 2513 tate
413 2481 506 2512 causae
531 2483 654 2523 pritnae,
679 2479 849 2514 necessitate
873 2482 976 2514 scilicet
992 2485 1116 2524 agentiae
1138 2482 1196 2515 siue
1218 2483 1374 2515 affinitatis
1396 2486 1441 2514 seu
1464 2481 1602 2515 efficacia·
1619 2483 1648 2512 in
1670 2480 1809 2523 agendo3

335 2525 365 2558 id
383 2526 442 2564 est,
465 2526 570 2558 omnia
586 2527 635 2556 illa
649 2529 787 2559 euenient
804 2528 840 2559 de
856 2528 1013 2560 voluntate
1033 2527 1154 2565 diuina,
1176 2539 1240 2570 quae
1262 2526 1395 2571 respectu
1415 2531 1553 2560 omnium
1577 2527 1751 2560 volutorurn
1768 2526 1809 2558 est

336 2582 401 2603 non
424 2570 623 2615 impedibilis‚
650 2583 703 2604 nec
720 2573 737 2603 ἐι
759 2575 870 2615 quouis
893 2571 1054 2604 auertibilis
1066 2596 1073 2608 ,
1096 2573 1164 2615 quia
1185 2574 1214 2605 iri
1233 2573 1340 2605 nullius
1364 2573 1481 2606 alterius
1504 2574 1647 2617 potestate
1657 2596 1667 2608 ,
1694 2573 1723 2606 ὃ(
1740 2570 1809 2602 ideo

336 2613 492 2648 necessaria
507 2623 538 2649 &e
553 2616 729 2649 ineuitabilis
752 2619 781 2650 in
797 2617 962 2654 causando,
983 2617 1046 2650 imo
1059 2622 1090 2653 δι
1105 2619 1230 2660 ipsamet
1247 2618 1401 2650 necessitas
1429 2619 1605 2651 antecedens
1624 2631 1631 2649 z
1649 2616 1711 2649 hoc
1727 2618 1809 2648 enim

338 2671 438 2693 totum
454 2661 616 2704 capitulum
633 2665 806 2703 proximum
828 2662 1014 2701 manifestat,
1040 2674 1094 2696 nec
1112 2668 1193 2706 piget
1215 2674 1275 2695 cius
1300 2663 1566 2696 manifestationem
1588 2662 1715 2694 breuiter
1738 2662 1811 2692 teci-

337 2716 399 2738 tate
416 2719 424 2738 :
443 2706 592 2740 Voluntas
607 2709 717 2750 quippe
732 2709 788 2740 Dci
804 2708 843 2739 est
851 2709 933 2741 causa
951 2708 1080 2751 superior
1099 2713 1129 2739 &
1146 2710 1227 2750 prior
1244 2710 1435 2742 naturaliter3
1452 2720 1541 2752 quate
1573 2706 1810 2750 uodcunquesu-

339 2761 439 2783 turum
448 2754 634 2795 eueniet,per
644 2752 795 2785 decimum
807 2764 944 2795 quartum
953 2760 979 2786 δι
993 2753 1186 2785 corollarium
1198 2755 1269 2786 noni
1281 2757 1381 2796 primi,
1396 2766 1463 2787 cum
1476 2756 1546 2786 trice
1561 2765 1624 2786 imo
1634 2751 1762 2786 secundi.
1780 2757 1811 2784 δε

338 2807 401 2828 non
410 2796 594 2833 frustrabilis,
612 2797 658 2829 scd
677 2797 833 2831 necessaria
847 2801 876 2831 in
891 2798 1042 2832 causando
1051 2810 1104 2843 per
1112 2799 1262 2831 decimum
1275 2800 1372 2840 primi,
1387 2811 1441 2832 nec
1452 2798 1558 2842 simpli‹
1569 2800 1659 2831 iterin
1671 2799 1813 2840 petestate

337 2842 486 2875 inferioris
494 2842 724 2877 autinferiorum
734 2843 886 2876 causarum
897 2856 948 2887 per
957 2846 1099 2877 ostauum
1109 2844 1203 2877 huius.
1230 2844 1401 2886 Qmodo
1419 2856 1549 2887 namque
1562 2845 1659 2876 Deum
1676 2842 1814 2885 praeuelle

1608 2887 1814 2931 quodcunque
