1985 3130
203 168 304 225 694
845 152 1011 203 Thomae
1020 153 1303 203 OEradwardini
1677 155 1724 205 L
1739 177 1751 205 i
1766 177 1806 208 n.
1814 179 1849 222 3.

310 254 429 297 perimit
439 252 485 284 vel
495 253 655 295 perimetur
665 250 702 283 ab
712 261 754 283 ea.
780 250 810 282 Si
819 252 899 283 enim
909 249 972 283 haec
980 260 1042 282 non
1052 251 1091 283 est
1101 261 1181 284 vera,
1191 250 1232 283 A.
1242 253 1365 294 incipiet
1374 251 1404 283 in
1413 250 1447 282 B.
1460 251 1516 283 esic
1525 250 1656 283 futurum
1666 251 1790 290 3eadem
1817 257 1846 290 A

310 309 425 332 ratione
435 298 514 330 nulla
524 298 589 330 talis
604 299 644 330 est
659 308 741 333 vera,
757 306 813 327 nec
824 297 912 328 etiam
922 295 1018 339 potest
1028 296 1086 328 esse
1102 307 1110 329 ι
1129 297 1200 339 quia
1215 294 1235 327 si
1251 297 1356 338 pollet,
1372 306 1502 339 ponatur
1510 293 1599 328 inesse
1615 310 1626 334 ς
1639 300 1792 332 reuertitur

310 354 533 389 argumentum.
556 344 585 375 Si
597 353 670 385 ergo
678 342 758 374 nulla
768 341 833 373 talis
842 343 936 385 potest
946 338 1001 374 esse
1009 352 1090 377 vera,
1105 341 1181 372 nihil
1191 342 1286 384 potest
1296 343 1425 384 incipere
1434 339 1487 374 esse
1498 341 1630 375 futurum
1639 344 1669 374 in
1685 343 1791 387 aliquo

310 391 428 423 instanti
438 389 555 426 futuro,
572 399 664 431 quare
673 399 728 420 nec
737 398 873 430 vnquam
890 400 898 418 :
914 398 964 419 aut
981 386 1001 418 si
1017 385 1180 431 quidquod
1188 397 1269 419 nunc
1283 398 1345 419 non
1361 387 1400 418 est
1419 388 1549 419 stitutum
1557 388 1792 434 porestinci‘pere

311 433 367 468 effe
377 435 551 468 fututumin
562 431 915 477 aliquoinstantifuturo,
931 434 1098 476 ponaturin
1107 430 1177 469 effe.
1195 436 1224 463 &-
1242 435 1398 465 reuertitur
1407 430 1576 465 difficultas.
1601 434 1722 466 Sienim
1737 435 1791 468 ali-

310 481 385 525 quid
396 492 476 514 nunc
484 491 546 513 non
557 478 704 515 futurum,
720 480 748 510 in
766 479 869 522 aliquo
885 479 1004 510 instanti
1023 480 1125 510 suturo
1141 480 1263 521 incipiet
1281 475 1491 514 essefuturum,
1507 489 1580 520 ergo
1590 478 1655 521 post
1664 479 1791 524 aliquod

310 527 420 561 instans
430 528 563 559 futurum
572 526 625 557 erit
635 536 643 558 ;
655 536 729 567 ergo
738 526 803 562 erit,
812 535 885 568 ergo
894 524 933 556 est
940 522 1087 559 fututum.
1097 535 1170 567 ergo
1179 523 1293 568 aliquid
1302 534 1363 556 non
1373 524 1505 555 {uturum
1513 525 1551 556 est
1562 524 1707 557 futurum.
1716 526 1792 560 Item

311 572 393 605 nulla
402 572 445 604 est
452 570 536 604 causa
546 569 692 614 possibilis
702 569 854 613 assignari,
866 579 957 613 quare
966 569 1079 614 aliquid
1088 570 1214 613 incipiat
1228 570 1328 612 potius
1342 567 1398 601 effe
1414 569 1544 601 futurum
1562 570 1591 601 in
1602 580 1665 602 vno
1675 571 1792 605 instanti

311 618 405 660 quam
415 620 444 649 in
453 615 589 660 quolibet
598 616 659 648 alio
671 627 679 649 3
691 626 764 659 ergo
772 616 802 646 in
812 613 963 659 quolibet,
971 615 1019 648 vel
1028 616 1058 647 in
1068 615 1164 647 nullo.
1191 616 1221 646 Si
1233 625 1331 646 autem
1339 615 1439 658 aliqua
1448 625 1524 646 certa
1534 613 1690 658 dispositio
1699 616 1792 651 causae

311 663 388 696 illius
399 661 490 695 futuri
499 664 665 705 assignetur
675 672 731 704 pro
739 662 825 694 causa
834 661 1007 693 diuersitati's
1025 659 1190 705 praemiffae,
1209 660 1258 692 illa
1273 660 1367 692 statim
1383 660 1515 696 tolletur,
1533 659 1685 704 supposito
1702 662 1790 705 quod

312 707 437 742 effeetus
446 708 560 741 futurus
572 707 603 739 sit
612 706 726 750 semper
735 707 851 739 futurus
862 707 1076 749 contingenter
1088 706 1238 749 :equaliter
1254 705 1354 737 donec
1363 705 1426 742 siat,
1440 704 1510 738 ficut
1519 707 1558 739 est
1567 706 1605 737 de
1613 707 1682 739 aStu
1693 707 1790 741 libero

312 754 488 792 voluntatis,
501 765 568 795 quae
576 753 672 796 longo
684 763 820 795 tempore
828 753 920 796 porest
928 762 1047 784 manere
1057 753 1087 783 in
1095 752 1200 796 aequali
1211 749 1416 793 dispositione,
1430 753 1458 783 in
1467 751 1572 794 aequali
1581 752 1791 794 indifferentia,

311 798 745 844 iuaequaliindeterminatione
760 808 813 840 pet
829 798 934 830 omnia
947 798 1024 830 inter
1039 797 1118 830 duos
1135 800 1217 831 astus
1232 798 1398 830 contrarios
1413 796 1544 829 omnino
1558 797 1699 842 aequales,
1715 810 1791 831 circa
1819 812 1842 843 Β

312 844 503 878 duoobiesta
511 846 643 877 omnino
652 844 788 888 aequalia,
805 841 876 877 ficut
885 842 969 887 quod
978 843 1121 876 comedat
1133 843 1179 876 vel
1191 841 1284 878 bibat.
1302 843 1347 876 vel
1365 843 1401 875 de
1417 842 1537 876 dnobus
1545 842 1618 876 cibis
1628 845 1792 888 aequalibus

312 889 611 935 incompossibilibus
621 890 706 933 quod
714 888 898 933 capiathunc
908 887 954 921 vel
967 887 1066 927 illum,
1080 896 1111 923 sc
1130 888 1250 921 tandem
1267 888 1437 921 Vtrumlibet
1446 890 1554 932 eligere
1563 888 1666 927 libere.
1685 890 1793 923 scilicet

312 936 393 969 bunc
404 936 449 970 vel
459 936 555 972 illum.
572 934 644 968 sicut
654 945 795 979 quartum
805 934 893 968 huius
902 945 972 967 cum
984 933 1175 978 sequentibus
1190 932 1365 966 manifestat.
1381 936 1410 967 Si
1419 945 1517 968 autem
1527 934 1642 968 dicatur
1649 935 1734 981 quod
1743 937 1791 969 ni·

314 981 356 1014 hil
364 983 486 1025 incipiet
496 979 552 1014 esse
562 980 693 1013 futurum
702 983 872 1024 priusquam
882 980 1094 1012 determinetur
1102 991 1153 1024 per
1164 990 1275 1011 certam
1286 979 1508 1023 dispositionem
1517 981 1546 1012 in
1557 981 1605 1013 sua
1613 980 1709 1020 causa,
1725 993 1791 1026 quae

315 1026 349 1060 fit
358 1025 512 1062 necessaria
520 1027 654 1070 respec‘tu
663 1026 753 1062 illius,
770 1025 816 1070 seq
822 1036 905 1059 uetur
913 1024 997 1070 quod
1006 1037 1098 1059 omne
1108 1026 1243 1057 futurum
1255 1025 1292 1057 de
1300 1026 1473 1058 necessitate
1482 1028 1609 1064 eueniet,
1623 1026 1705 1070 quod
1712 1027 1793 1061 duo-

314 1072 467 1106 decimum
477 1072 567 1105 huius
575 1072 705 1105 damnat.
728 1071 950 1115 ltemfialiquid
960 1072 1084 1111 incipiat
1100 1069 1155 1103 esse
1171 1070 1305 1104 futurum
1321 1071 1503 1114 peraliquod
1513 1081 1640 1116 tempus,
1654 1083 1724 1116 puta
1738 1085 1792 1118 per

313 1130 438 1155 annum,
446 1129 608 1162 antequam
617 1116 679 1154 fiat,
695 1117 801 1150 eadem
812 1119 925 1150 ratione
934 1117 1046 1161 aliquid
1058 1117 1153 1159 potest
1164 1119 1293 1160 incipere
1301 1114 1355 1150 esse
1363 1116 1497 1149 futurum
1506 1129 1557 1160 pei·
1565 1119 1662 1150 minus
1671 1129 1792 1163 tempus

314 1175 473 1207 antequam
483 1163 546 1201 liat,
564 1174 632 1207 puta
640 1164 844 1206 permensem,
861 1169 891 1195 δι
906 1162 1009 1196 eadem
1027 1164 1144 1195 ratione
1159 1174 1210 1204 per
1221 1163 1418 1206 septimanam
1428 1169 1457 1196 8<
1468 1174 1521 1205 per
1530 1163 1622 1202 diem,
1639 1170 1669 1197 &
1680 1164 1718 1196 fic
1729 1176 1793 1197 ran-

313 1210 384 1242 dem
395 1208 498 1242 eadem
509 1210 627 1242 ratione
638 1209 735 1250 potest
745 1219 839 1240 omne
849 1218 967 1251 tempus
977 1208 1105 1241 auferri:
1119 1207 1223 1240 eadem
1239 1209 1320 1239 enim
1334 1210 1374 1240 est
1389 1219 1465 1241 ratio
1476 1208 1513 1240 de
1523 1219 1591 1241 toto
1602 1211 1631 1244 ὅ(
1641 1209 1678 1242 de
1686 1221 1791 1253 parte:

314 1266 408 1300 quare
416 1254 734 1298 eritpossibilcaliquid
744 1251 801 1285 esse
809 1255 936 1297 praesens
948 1253 1033 1297 quod
1052 1264 1208 1297 nunquam
1224 1251 1280 1285 fuit
1297 1252 1443 1290 fututum,
1458 1254 1540 1297 quod
1555 1254 1595 1286 est
1612 1254 1793 1298 superiusre-

314 1300 491 1346 probatum.
509 1300 582 1333 Item
593 1298 612 1331 si
627 1311 723 1331 vnum
734 1298 868 1331 futurum
883 1300 1025 1341 inciperet
1040 1297 1096 1332 csse
1108 1298 1251 1335 futurum,
1267 1310 1340 1342 ergo
1354 1299 1459 1332 eadem
1474 1310 1589 1332 ratione
1607 1301 1636 1334 ὅ(
1651 1301 1745 1340 aliud,
1761 1308 1792 1335 δε

314 1346 540 1390 quodcunque3
558 1356 632 1388 ergo
642 1355 760 1384 tenipus
770 1355 833 1376 non
844 1344 883 1376 est
892 1354 1037 1376 aeternum
1055 1357 1063 1377 :
1082 1343 1204 1387 aliquod
1213 1345 1292 1377 enim
1302 1346 1342 1377 est
1349 1345 1580 1377 remotissimum
1590 1345 1697 1378 instans
1713 1345 1793 1380 futu·
1818 1360 1848 1391 C

131 1392 144 1431 Η
162 1403 233 1421 nunc
315 1403 396 1427 rum,
406 1391 478 1424 illud
486 1390 594 1424 scilicet
603 1390 687 1434 quod
698 1389 710 1413 Ι
719 1390 841 1422 nondum
850 1391 952 1432 incipit
960 1388 1015 1422 effe
1023 1388 1154 1422 futurum
1166 1401 1256 1432 ;ergo
1266 1392 1332 1433 post
1340 1390 1414 1423 illud
1423 1402 1485 1422 non
1496 1389 1536 1421 est
1547 1390 1671 1435 aliquod
1681 1393 1792 1425 instans

316 1439 467 1475 futurum,
485 1438 621 1480 quianon
632 1437 746 1478 incipit,
759 1446 815 1467 nec
830 1437 939 1477 incepit
950 1434 1006 1467 esse
1015 1434 1147 1468 futurum
1167 1448 1174 1469 3
1190 1446 1263 1479 ergo
1273 1436 1302 1470 ὃ(
1312 1435 1377 1478 post
1386 1435 1457 1468 illud
1467 1446 1528 1467 non
1538 1436 1578 1468 est
1588 1446 1704 1479 tempus
1714 1438 1793 1471 futu-

314 1495 394 1521 rum,
409 1494 483 1526 crgo
492 1481 635 1525 postillud
648 1483 759 1514 instans
768 1492 828 1512 non
838 1493 894 1513 erit
908 1482 1016 1513 instans
1035 1492 1087 1513 nec
1103 1492 1234 1524 tempus.
1261 1481 1336 1514 Item
1355 1481 1392 1513 dc
1400 1492 1581 1525 quocunque
1588 1481 1691 1514 futuro
1700 1494 1795 1526 quan-

315 1529 478 1571 docunque
487 1526 599 1560 dixisset
607 1529 671 1571 quis
679 1527 751 1560 illud
761 1527 817 1559 esse
826 1527 872 1559 vel
884 1524 967 1559 fnisse
979 1526 1127 1566 futurum,
1139 1538 1243 1559 verum
1253 1524 1383 1565 dixisset,
1399 1528 1429 1561 ὃ(
1439 1527 1541 1559 dicens
1548 1528 1610 1559 eius
1617 1527 1793 1571 oppositum

315 1573 420 1608 falsum
431 1570 546 1607 dixisset
563 1587 574 1612 3
591 1584 664 1616 ergo
675 1583 770 1604 omne
779 1573 908 1605 futurum
926 1573 1040 1615 semper
1047 1571 1101 1605 fuit
1111 1573 1179 1605 vere
1190 1571 1339 1612 futurum,
1353 1572 1555 1614 vtcapitulum
1565 1583 1737 1616 proximum
1747 1586 1795 1607 ar-

316 1618 440 1664 guebat.
458 1620 533 1652 Item
544 1617 562 1650 fi
574 1617 672 1651 futura
682 1630 745 1652 non
754 1619 870 1662 semper
879 1617 999 1650 fuerunt
1008 1619 1116 1656 fututa,
1134 1630 1198 1651 non
1214 1616 1329 1660 semper
1346 1617 1606 1661 fueruntpraescita
1615 1619 1722 1656 aDco,
1738 1630 1795 1653 nec

316 1665 489 1698 aeternaliter
499 1663 702 1706 praedestinata
711 1663 748 1697 ab
756 1675 804 1702 eo,
820 1673 924 1696 contra
934 1668 954 1694 6
958 1663 1063 1706 .&45.
1074 1665 1174 1707 primi,
1187 1663 1253 1696 imo
1261 1663 1298 1695 de
1309 1663 1480 1697 necessitate
1490 1661 1633 1708 sequetur¹
1649 1663 1736 1708 quod
1746 1665 1796 1698 ali—

316 1710 443 1754 quando
452 1709 697 1753 incipitpraescire
710 1711 740 1744 &
756 1709 960 1751 praedessinare
969 1709 1078 1747 futura,
1095 1720 1166 1752 ergo
1182 1711 1221 1742 est
1236 1708 1400 1745 mutabilis,
1412 1708 1497 1752 quod
1506 1721 1567 1742 non
1577 1712 1690 1754 patitur
1702 1721 1730 1753 ς.
1739 1713 1796 1755 pri-

318 1757 372 1795 mi,
388 1757 482 1788 necin
492 1757 642 1799 principio
653 1755 759 1787 mundi
768 1756 850 1788 sciuit
857 1753 931 1799 quid
941 1755 1010 1787 esset
1018 1753 1150 1787 facturus
1160 1757 1188 1786 in
1201 1753 1258 1788 fine
1267 1755 1315 1789 vel
1324 1756 1352 1787 in
1363 1756 1466 1787 medio
1475 1765 1622 1799 tempore,
1639 1754 1724 1800 quod
1732 1767 1794 1790 non

132 1800 222 1835 Efiu'as.
317 1801 414 1834 decet.
429 1801 521 1834 Vnde
530 1802 622 1834 Esaias
629 1806 683 1844 46.
694 1800 801 1834 Redite
810 1801 1050 1844 praeuaticatores
1060 1800 1096 1833 ad
1104 1812 1170 1839 cor,
1178 1801 1209 1835 ἃ
1217 1800 1414 1834 recordamini
1424 1801 1531 1845 prioris
1541 1801 1796 1844 {aeculi‚quoniam

318 1859 378 1892 ego
389 1848 452 1880 sum
462 1848 617 1879 Dominus
626 1848 805 1880 annuntians
817 1845 854 1878 ab
863 1845 989 1879 exordio
1003 1844 1216 1884 nouissimum,
1233 1851 1262 1877 &
1271 1845 1401 1880 abinirio
1410 1858 1475 1890 qua:
1486 1846 1625 1879 nondum
1633 1845 1711 1880 fasta
1719 1847 1796 1886 sunt,

319 1890 608 1929 dicens,C0ns11ium
619 1903 721 1924 meum
730 1891 861 1927 ssahim&
871 1893 972 1924 omnis
982 1892 1119 1925 voluntas
1129 1903 1197 1924 mea
1208 1891 1269 1924 fiet.
1287 1893 1323 1924 Et
1333 1890 1451 1924 Psalmo
1462 1902 1472 1924 i
1485 1902 1493 1923 i
1504 1893 1532 1924 8.
1540 1892 1638 1932 initio,
1646 1892 1796 1935 Cognoui
1821 1911 1852 1943 D

319 1938 542 1973 deteslimonijs
557 1939 614 1970 tuis
628 1937 714 1981 quod
731 1949 760 1969 in
776 1948 919 1970 aerernum
938 1936 1119 1971 fundastiea.
1142 1938 1179 1970 Et
1188 1937 1308 1970 Psalmo
1332 1939 1400 1981 138.
1418 1937 1586 1970 Intellexisti
1595 1937 1797 1981 cogitationes

321 1995 400 2016 meas
411 1984 448 2016 de
458 1984 561 2026 longe.
585 1983 790 2026 Qamlonge
809 1989 817 2013 ἓ
835 1983 922 2017 Ecce,
937 1984 1083 2018 Domine,
1095 1994 1124 2015 tu
1133 1984 1423 2026 cognouistiomnia,
1440 1983 1603 2015 nouissima
1619 1988 1648 2018 δι
1664 1985 1798 2027 antiqua.

318 2031 423 2072 Qate
434 2029 463 2062 ὃ(
473 2029 658 2072 Augustinus
668 2028 741 2068 3.de
751 2027 844 2061 libero
853 2027 976 2060 arbitrio
988 2038 1017 2067 3.
1026 2038 1064 2060 ita
1075 2029 1145 2061 dicit
1162 2041 1169 2061 ε
1187 2028 1292 2061 Hodie
1302 2030 1504 2072 praescitDeus
1514 2028 1598 2070 quod
1605 2028 1672 2072 post
1682 2040 1796 2061 annum

320 2074 519 2113 facturusest3
537 2075 714 2117 Etsequitur
731 2085 739 2108 ;
756 2072 948 2116 Semper-hoc
957 2071 1100 2116 praesciui't
1118 2086 1126 2105 τ
1152 2075 1292 2117 Dicitque
1309 2072 1509 2118 Philosophus
1530 2073 1799 2117 i.perihermenias

136 2119 147 2156 ΙΙ
167 2128 248 2153 7000.
320 2120 374 2152 vlt.
393 2119 477 2162 quod
497 2131 557 2152 non
568 2118 680 2156 differt,
699 2119 719 2151 si
736 2120 844 2163 aliquis
859 2114 1051 2152 affirmaiierit
1068 2119 1114 2151 vel
1125 2121 1278 2162 negauerit
1289 2118 1401 2162 aliquid
1411 2119 1462 2162 infl
1475 2130 1690 2152 1000.annum
1700 2120 1799 2164 magis

319 2166 449 2208 quamin
460 2164 807 2209 quantolibettempore.
829 2164 901 2196 Item
919 2163 939 2196 fi
955 2164 1066 2208 aliquid
1083 2166 1177 2207 potest
1192 2167 1322 2207 incipere
1337 2163 1392 2196 esse
1402 2164 1547 2201 futurum,
1563 2166 1666 2198 eadem
1681 2166 1798 2198 ratione

319 2210 429 2254 aliquid
439 2211 568 2243 futurum
580 2212 674 2254 potest
683 2210 815 2243 desinere
825 2210 880 2241 effe
887 2210 1019 2242 futurum
1029 2208 1140 2253 absque
1148 2208 1299 2253 positione
1309 2213 1368 2241 eius
1376 2208 1473 2243 inesse.
1493 2211 1522 2243 Si
1532 2211 1710 2254 namqueA.
1720 2223 1800 2244 nunc

319 2258 438 2298 incipiat
446 2254 500 2287 effe
511 2254 723 2292 iuturumdioc
733 2258 772 2288 est
780 2266 907 2299 propter
914 2255 1044 2299 aliquam
1055 2252 1171 2288 causam
1182 2254 1229 2288 seu
1238 2253 1464 2298 dispositionem
1473 2267 1502 2288 in
1512 2256 1597 2289 causa
1607 2267 1685 2289 nunc
1693 2255 1799 2301 posita,

321 2313 387 2344 quae
397 2303 477 2344 prius
487 2313 549 2333 non
560 2301 739 2344 ponebatur,
754 2301 799 2334 vel
816 2311 877 2332 non
895 2299 934 2332 fic
947 2299 1114 2343 ponebatur
1130 2311 1138 2334 ;
1155 2312 1229 2344 ergo
1246 2301 1266 2333 si
1282 2300 1365 2333 causa
1384 2301 1430 2334 vel
1440 2300 1593 2342 dispositio
1610 2301 1800 2340 innonatur,

321 2357 383 2378 non
396 2346 491 2389 posito
503 2349 543 2379 A.
555 2349 583 2379 in
593 2345 660 2382 effe,
677 2348 715 2378 A.
725 2346 895 2379 desiniteffe
903 2345 1035 2379 futurum
1053 2345 1162 2389 absque
1178 2345 1330 2390 positione
1339 2348 1438 2379 eiusin
1449 2346 1504 2380 effi:
1525 2361 1531 2378 :
1548 2347 1662 2390 fitetgo
1671 2347 1711 2379 A.
1722 2358 1801 2380 nunc

320 2393 455 2423 futurum
465 2393 494 2426 ὃ(
504 2394 532 2424 in
543 2394 574 2424 B.
586 2392 704 2425 instanti
714 2389 1001 2429 ftitueresinatesse
1010 2390 1143 2424 futurum
1156 2390 1215 2424 fine
1223 2391 1372 2435 positione
1380 2392 1442 2424 eius
1450 2395 1480 2425 in
1490 2393 1546 2426 effe
1555 2407 1565 2431 3
1573 2394 1679 2426 tuncin
1689 2391 1803 2425 B.ficut

323 2444 353 2470 δι
365 2438 478 2479 semper
489 2438 540 2468 ista
548 2435 763 2480 consequentia
771 2439 825 2470 erit
833 2436 923 2474 bona,
939 2438 976 2470 A.
985 2439 1040 2470 suit
1049 2438 1180 2470 futurum
1187 2461 1194 2474 ,
1204 2438 1234 2471 ὅ(
1243 2448 1398 2481 nunquam
1406 2439 1473 2477 fuit,
1491 2449 1546 2471 nec
1555 2439 1594 2470 est
1604 2449 1614 2472 ς
1628 2448 1702 2481 ergo
1710 2439 1749 2471 A.
1761 2439 1802 2471 est

322 2481 468 2520 futurum,
476 2483 506 2516 ὅ(
516 2482 697 2515 antecedens
708 2485 760 2516 erit
769 2493 872 2514 verum
882 2485 912 2514 in
923 2483 957 2516 Β.
966 2494 1040 2526 ergo
1049 2487 1079 2518 &
1087 2485 1272 2526 consequens
1282 2494 1291 2516 ;
1305 2494 1379 2526 ergo
1390 2486 1419 2516 in
1430 2486 1466 2518 B.
1475 2484 1515 2516 A.
1526 2485 1579 2516 erit
1588 2483 1723 2515 futurum
1733 2484 1802 2528 post

324 2528 359 2560 B.
378 2528 487 2559 Iterum
498 2527 534 2561 sic
543 2527 581 2561 ad
590 2527 669 2560 idem
682 2528 721 2560 A.
733 2529 772 2560 est
782 2530 915 2560 futurum
933 2541 941 2563 ;
957 2539 1030 2572 ergo
1039 2529 1077 2559 A.
1088 2531 1154 2563 erit,
1170 2529 1199 2562 δι
1210 2539 1273 2560 non
1282 2539 1351 2560 ante
1360 2530 1494 2562 B.nccin
1506 2530 1539 2562 B.
1548 2540 1621 2572 ergo
1631 2529 1696 2572 post
1707 2530 1739 2561 B.
1756 2540 1802 2561 er-

324 2584 365 2616 go
375 2575 404 2604 in
417 2573 450 2604 B.
466 2573 722 2606 A.eritsututum.
748 2573 934 2617 Ampliusad
945 2574 1093 2606 hocidem
1109 2587 1120 2611 3
1136 2574 1227 2607 SitA.
1238 2585 1318 2607 nunc
1327 2574 1477 2614 futurum,
1494 2582 1524 2608 δι
1542 2573 1601 2606 fine
1610 2572 1801 2618 pofitionein

324 2618 379 2651 effe
387 2620 418 2653 ὅ(
428 2630 457 2651 ιη
467 2620 498 2651 Β.
507 2619 623 2652 instanti
634 2620 735 2651 suturo
746 2619 859 2652 desinat
868 2617 922 2651 esse
932 2619 1078 2656 futurum.
1094 2620 1125 2652 ὅ(
1141 2631 1259 2652 maneat
1275 2631 1338 2653 non
1355 2621 1488 2654 futurum
1500 2631 1551 2662 per
1559 2619 1680 2663 aliquod
1689 2630 1803 2653 certum

323 2663 637 2708 tempus,quod*sitC.
650 2664 747 2697 adhuc
766 2666 829 2707 post
839 2664 911 2696 illud
921 2676 1036 2707 tempus
1051 2666 1137 2697 Deus
1152 2666 1249 2706 potest
1265 2664 1361 2698 facere
1370 2665 1408 2697 Α.
1419 2667 1476 2699 esse
1486 2663 1621 2708 praesens,
1637 2675 1709 2708 ergo
1718 2672 1749 2699 &
1759 2665 1806 2696 fu-

325 2719 426 2741 turum
438 2710 553 2753 :potest
563 2711 643 2742 enim
653 2712 915 2743 restituetcomnes
924 2712 1023 2743 causas
1034 2711 1072 2742 A.
1082 2721 1150 2742 cum
1160 2710 1304 2742 omnibus
1314 2710 1554 2753 dispositionibus
1564 2719 1804 2754 earum,pr0pter

325 2765 403 2798 quas
414 2755 512 2788 A.fuit
523 2756 653 2788 futurum
662 2767 729 2788 ante
740 2757 772 2788 B.
792 2767 921 2797 ponatur
935 2767 1009 2798 ergo
1024 2755 1105 2799 quod
1119 2754 1217 2794 faciat,
1230 2756 1258 2789 ἃ
1274 2758 1408 2799 sequetur
1424 2756 1507 2800 quod
1518 2757 1556 2788 A.
1568 2753 1753 2800 incipietesse
1761 2754 1805 2788 fu-

325 2810 425 2833 tutum
435 2801 463 2832 in
472 2801 573 2844 aliquo
582 2802 700 2833 instanti
710 2803 775 2844 post
783 2802 821 2834 C.
831 2811 948 2844 tempus
959 2816 968 2840 ;
984 2813 1019 2834 ex
1029 2811 1089 2844 qno
1099 2801 1220 2833 vlterius
1228 2799 1428 2844 consequetur
1435 2801 1517 2846 quod
1528 2803 1554 2833 A
1562 2826 1569 2833 .
1584 2804 1638 2834 erit
1646 2801 1692 2834 vel
1700 2798 1754 2834 fuit
1762 2801 1806 2832 fu-

325 2856 426 2878 tutum
438 2845 738 2879 duobusinstantibus
747 2846 793 2879 seu
801 2846 985 2890 temporibus
1002 2845 1150 2882 mediatis,
1165 2847 1195 2880 ὅ(
1210 2845 1347 2890 quolibet
1362 2847 1480 2881 instanti
1499 2849 1547 2879 seu
1558 2856 1694 2890 tempore
1702 2845 1806 2879 medio

1743 2901 1807 2923 non

132 1886 248 1921 Pfizlmus.
