1985 3130
109 166 159 216 C
177 185 201 213 A
220 183 261 213 Ρ.
286 177 353 221 52.
771 162 846 212 De
864 163 984 229 Catfit
1004 164 1109 216 Dei.
1674 171 1758 236 843

125 267 153 303 Α
171 260 401 294 dendovidetut
410 260 585 299 dicendum,
599 259 685 304 quod
693 263 825 303 potentia
835 260 1099 304 respestualicuius
1108 263 1202 299 astus,
1216 260 1550 306 quando&quomodo
1559 262 1598 295 est
1607 273 1649 295 re-

168 308 268 352 spec'tu
279 307 365 345 illius,
373 306 468 350 potest
477 307 507 339 in
517 306 598 339 illum
609 309 701 344 exire,
710 307 806 339 modo
815 317 916 339 autem
927 318 988 350 quo
998 318 1060 342 non
1070 308 1108 339 est
1118 308 1207 346 illius,
1218 318 1408 351 nequaquam
1428 319 1435 337 :
1453 309 1586 351 potentia
1595 318 1645 339 au-

167 364 228 386 tem
238 353 372 386 volutiua
381 354 411 384 in
421 353 488 385 Deo
497 351 528 387 ὅ(
537 363 566 384 in
575 352 703 385 homine
711 364 774 386 non
784 353 823 384 est
832 363 888 396 pro
898 365 978 385 nuuc
987 354 1122 396 potentia
1129 353 1167 386 ad
1175 354 1275 386 afflim
1283 353 1457 398 oppofitum
1468 353 1545 385 illius
1553 364 1643 397 quem

166 411 246 432 nunc
257 397 356 436 habet,
369 397 421 431 nisi
432 398 627 441 possibilitate
638 399 831 443 praecedentc‚
847 398 877 432 ὃ(
887 409 1032 442 quantum
1048 400 1088 431 est
1100 398 1137 431 de
1154 401 1268 432 ratione
1277 401 1416 442 potentia:
1426 399 1506 432 nude
1519 405 1549 433 ὃ(
1561 398 1644 431 abso-

165 446 228 478 lure
235 442 439 480 consideratae,
455 443 501 476 seu
511 443 549 475 de
559 447 691 487 potentia
702 443 835 476 absoluta
845 454 966 476 autnon
976 447 1195 488 repugnantiae,
1208 450 1238 480 δι
1247 444 1284 477 fic
1291 446 1399 489 potest,
1416 443 1487 483 siue,
1497 456 1528 477 vr
1538 456 1643 488 aceep-

166 490 224 523 tins
233 492 335 522 animo
343 489 469 527 dicatur,
483 489 577 532 posset
587 500 640 532 pro
651 496 766 522 nuncin
776 489 874 527 illum,
892 489 962 523 ficut
981 500 1019 521 ex
1035 490 1110 523 sexta
1122 491 1278 524 veritate&
1289 491 1539 534 quiiita&earum
1548 492 1643 523 osten·

165 535 381 579 sioneapparet
398 546 407 569 ;
423 534 614 578 possibilitate
623 535 697 568 vero
712 534 850 577 sequente
865 539 893 569 Sc
910 535 1119 572 determinata.
1136 538 1259 572 actuata,
1274 534 1322 568 seu
1332 536 1470 569 ordinata
1480 547 1532 579 pei·
1540 538 1641 568 astum

165 592 254 626 quem
266 591 343 614 nunc
352 579 453 619 babet,
469 591 660 626 nequaquam
679 595 689 619 ς
705 580 768 613 imo
781 580 818 611 fic
829 581 940 614 necesse
949 581 987 612 est
999 581 1258 624 potentiamillam
1274 592 1332 626 pto
1347 593 1427 614 nunc
1441 581 1641 614 haberehunc

165 629 279 666 astum,
296 636 508 670 contrarioque
516 637 623 659 catere.
652 626 765 659 Adhuc
781 625 901 659 forsitan
918 626 1107 670 opponendo
1118 628 1268 670 quaeritur,
1284 628 1436 672 Nunquid
1445 631 1577 671 potentia
1588 628 1642 660 hu-

164 672 295 706 iusmodi
304 672 437 706 volutiua
447 671 481 703 fit
490 684 558 706 ante
567 675 679 711 astum,
690 674 736 703 vel
746 683 814 704 cum
826 674 900 704 actu.
927 672 1002 705 Haec
1014 674 1092 704 enim
1103 672 1207 704 diuifio
1216 673 1256 704 cst
1266 683 1317 714 per
1326 672 1474 717 opposita,
1485 672 1555 705 sicut
1569 674 1642 706 Phi-

164 718 284 762 losophi
293 718 323 753 ἁ
333 728 439 750 omnes
447 720 646 751 communiter
654 719 833 751 attcsttintur.
859 719 936 749 Non
947 729 1013 750 :inte
1021 720 1131 756 astum,
1148 719 1252 760 quiain
1262 717 1322 750 hoc
1331 721 1448 752 instanti
1459 730 1520 751 non
1537 719 1575 750 est
1587 730 1642 752 nec

165 766 222 798 effe
231 765 328 807 potest
337 763 443 796 ante&
459 765 524 806 post
539 778 549 802 ι,
565 775 620 796 nec
637 775 704 795 cum
722 765 799 801 astu,
815 766 883 807 quia
900 766 982 797 astus
992 765 1111 796 nonest.
1137 763 1199 796 Hic
1216 773 1317 795 autem
1332 766 1436 807 potest,
1452 774 1482 796 vt
1499 765 1640 808 superius,

128 819 151 850 Β
165 809 351 853 reiponderi,
367 808 509 852 quodilla
519 810 652 854 pOtentia
661 812 699 842 est
708 820 774 841 cum
785 812 863 846 astu,
882 821 950 841 cum
968 811 1036 841 actu
1045 807 1148 842 scilicet
1165 820 1256 854 quem
1273 820 1353 841 nunc
1363 809 1454 842 haber
1468 822 1475 840 :
1493 810 1538 843 {etl
1557 810 1576 843 fi
1593 810 1642 841 lo-

166 866 274 900 quatur
283 856 320 888 de
329 856 408 892 astu,
417 855 547 898 respcstu
556 856 638 887 cuius
646 855 749 887 dicitur
761 856 893 897 potentia
903 867 989 898 quem
1001 866 1063 887 non
1074 853 1176 893 habet,
1193 855 1286 897 petest
1296 854 1353 887 dici
1362 856 1443 898 quod
1455 866 1516 887 non
1525 857 1563 888 est
1573 867 1642 888 :inte

164 903 248 935 illum
260 900 464 945 temporaliter
473 912 527 933 nec
536 911 603 933 cum
613 901 678 936 illo,
694 902 854 944 quinctus
869 900 917 932 ille
932 913 994 932 non
1011 902 1062 938 est,
1078 899 1150 933 ficut
1163 902 1299 944 potentia
1309 900 1441 933 volutiuai
1452 899 1636 933 hominisre-

166 948 265 992 spestu
280 948 302 979 Α
310 971 320 980 .
330 947 423 985 astus,
432 956 522 990 quem
533 946 625 990 p0test
635 957 697 979 cras
706 945 827 985 habere,
836 944 882 977 scd
894 957 955 978 non
964 946 1084 979 habebit
1095 956 1202 990 :quare
1214 945 1299 979 &illa
1309 945 1414 978 diuifio
1424 957 1589 979 memorata
1598 948 1642 978 in·

165 994 327 1036 telligenda
338 994 452 1025 videtur
461 1003 649 1036 nequaquam
659 991 819 1024 deaehbus
836 991 1027 1032 possibilibus
1041 992 1171 1028 tantum,
1184 989 1231 1022 sed
1250 991 1343 1024 solum
1359 991 1397 1023 de
1405 991 1520 1024 astibus
1530 992 1643 1025 realiter

164 1038 354 1082 praelentibus
363 1039 410 1069 vel
420 1037 539 1071 futuris:
553 1039 599 1070 vel
611 1039 705 1082 pooest
715 1037 771 1069 dici
781 1036 866 1080 quod
875 1039 913 1070 est
921 1037 961 1070 ibi
971 1037 1106 1081 quaedam
1118 1038 1252 1081 prioritas
1264 1048 1325 1069 non
1334 1035 1518 1073 noualissed
1528 1036 1642 1070 habitu-

163 1086 227 1124 alis,
236 1096 297 1118 non
307 1083 488 1128 temporalis,
497 1083 544 1115 led
555 1083 690 1116 naturalis
701 1083 748 1114 (eu
757 1080 889 1118 causalis.
900 1086 959 1126 qui
967 1084 1012 1116 illa
1022 1094 1156 1127 potentia
1165 1083 1257 1125 poslet
1268 1083 1468 1125 praecedenter
1475 1082 1643 1125 producere

164 1131 246 1163 illum
255 1132 369 1170 xistum,
386 1129 416 1163 ὅ(
432 1129 496 1162 talis
512 1129 651 1173 prioritas
667 1132 695 1163 ὅ(
711 1129 914 1173 posterioritas
929 1133 1153 1173 irrepugnantcr
1161 1128 1201 1160 est
1217 1129 1302 1161 simul
1312 1127 1642 1173 simultatctemporalis

164 1177 306 1209 instantis.

207 1221 376 1253 Vndecima
385 1221 491 1253 veritas
502 1217 632 1263 sequitur
646 1230 682 1251 ex
698 1220 810 1263 quinta,
827 1219 904 1252 sexta
921 1231 1008 1263 atquc
1021 1221 1138 1252 osiana.
1165 1219 1196 1252 Si
1206 1230 1338 1263 namque
1346 1219 1429 1251 Deus
1444 1229 1494 1251 aut
1511 1229 1642 1251 creatura

164 1267 228 1299 vult
238 1277 287 1300 aut
297 1263 469 1310 scitaliquid
479 1276 569 1301 nunc,
586 1270 616 1300 δε
633 1276 711 1297 nunc
723 1265 753 1297 ὅ(
773 1275 829 1307 pro
845 1277 922 1298 nunc
937 1267 1033 1309 poiest
1044 1265 1114 1297 illud
1131 1276 1192 1296 non
1204 1265 1289 1303 velle,
1304 1276 1358 1296 nec
1367 1264 1449 1301 scire,
1462 1269 1492 1296 δε
1511 1264 1570 1296 hoc
1579 1275 1641 1296 non

165 1313 261 1356 potest
271 1313 532 1355 permutationem
551 1312 627 1343 inter
641 1312 786 1343 terminos
801 1310 973 1353 oppositos,
990 1311 1026 1342 de
1044 1311 1091 1342 tali
1106 1309 1211 1343 scilicet
1227 1312 1255 1342 in
1274 1320 1336 1342 non
1346 1310 1416 1349 tale,
1431 1313 1501 1353 quia
1515 1321 1578 1342 non
1590 1320 1642 1353 per

125 1361 151 1392 C
165 1369 367 1391 mutationem
383 1360 412 1388 in
430 1357 552 1389 volente
568 1368 616 1389 aut
634 1354 756 1393 sciente,
771 1367 824 1388 nec
841 1367 870 1387 in
887 1357 993 1389 voluto
1007 1366 1057 1389 aut
1075 1355 1156 1394 scito,
1172 1356 1265 1387 necin
1277 1355 1378 1398 aliquo
1389 1358 1476 1388 tertio
1493 1370 1503 1395 ς
1520 1367 1582 1389 non
1592 1366 1643 1397 pet

164 1405 364 1436 mutationem
379 1405 409 1434 in
418 1401 541 1435 volente
548 1413 597 1434 aut
608 1401 724 1435 sciente.
736 1401 808 1433 sicut
817 1402 855 1434 de
862 1402 933 1434 Deo
940 1413 1046 1434 omnes
1057 1401 1241 1440 concedunt,
1251 1401 1371 1445 quod&
1381 1412 1517 1445 quintum
1526 1402 1556 1436 61
1564 1402 1645 1433 vice-

164 1451 272 1483 fimum
284 1450 401 1481 tertium
411 1451 501 1491 primi
510 1447 631 1481 docent.
657 1447 786 1479 Rursum
796 1458 850 1479 nec
860 1447 921 1478 hoc
929 1449 967 1481 est
982 1445 1117 1491 possibile
1131 1446 1232 1480 fieriiri
1243 1448 1402 1483 Creatore,
1417 1458 1515 1490 neque
1526 1449 1554 1480 in
1565 1457 1644 1479 crea-

163 1507 240 1534 tura,
256 1506 306 1538 per
316 1494 624 1538 mutationeminipso
639 1492 685 1524 vel
703 1503 731 1523 in
750 1495 810 1535 ipia
826 1504 971 1533 praeterita
987 1493 1032 1525 vel
1048 1492 1159 1530 futura,
1176 1491 1246 1525 ficut
1257 1493 1491 1535 nullusignorat,
1508 1503 1643 1537 nequem

165 1546 296 1586 praelenti
306 1540 424 1573 instanti
442 1552 449 1571 :
467 1538 601 1572 illaenim
613 1538 774 1571 necessario
791 1537 859 1572 esset
873 1540 947 1572 inter
963 1540 1103 1571 terminos
1121 1537 1293 1581 oppositos,
1310 1537 1406 1571 detali
1423 1538 1529 1571 {cilicet
1540 1540 1569 1569 in
1582 1549 1644 1570 non

167 1588 235 1625 tale,
250 1586 296 1619 seu
306 1586 343 1618 de
354 1597 416 1618 non
427 1584 592 1624 taliintale‚
608 1583 679 1616 licut
695 1585 735 1617 est
751 1585 913 1617 necessario
930 1587 1032 1617 omnis
1047 1586 1172 1616 mutatio
1184 1582 1347 1616 successiua
1357 1584 1403 1616 vel
1422 1581 1522 1616 subita.
1550 1584 1645 1616 Nulla

163 1644 263 1666 autem
281 1633 346 1664 talis
361 1633 487 1664 mutatio
503 1631 600 1674 potest
617 1629 678 1663 fieri
694 1631 723 1663 in
741 1629 802 1662 hoc
819 1630 953 1672 praesenti
967 1631 1083 1662 instanti
1103 1629 1475 1662 mamcontradifflonem
1492 1628 1645 1662 euidenter

164 1678 303 1716 includit,
321 1677 407 1721 quod
417 1676 453 1709 de
463 1676 583 1709 volente
594 1678 619 1708 Α
639 1686 668 1707 in
682 1676 993 1718 B.praesentiinstanii,
1010 1674 1094 1708 fiatin
1106 1676 1140 1707 Β.
1156 1675 1334 1709 nonvolens
1351 1676 1428 1707 A.in
1440 1675 1476 1707 Β.
1491 1688 1501 1712 3
1519 1675 1645 1708 includit

166 1726 245 1756 enim
262 1722 349 1768 quod
368 1723 451 1754 idem
467 1724 496 1755 in
513 1721 619 1754 eodem
632 1722 665 1754 Β.
681 1722 818 1766 praescnti
837 1724 950 1754 instanti
967 1722 1038 1754 velit
1056 1721 1133 1753 idem
1151 1722 1191 1753 A.
1208 1720 1238 1754 ἃ
1256 1733 1318 1753 non
1337 1721 1418 1753 velit.
1444 1721 1512 1752 Nec
1528 1720 1588 1752 hoc
1604 1721 1645 1753 est

164 1769 322 1813 possibile,
340 1768 401 1801 fieri
419 1769 671 1812 permutationem
688 1769 717 1799 in
736 1767 843 1800 voluto
862 1768 906 1800 vel
922 1770 950 1800 in
962 1767 1043 1803 scito,
1057 1768 1126 1810 quia
1142 1778 1204 1798 non
1222 1769 1251 1797 in
1264 1767 1372 1799 voluto
1380 1777 1430 1798 aut
1441 1767 1513 1798 scito
1529 1764 1646 1805 futuro,

164 1816 247 1858 quod
258 1826 312 1857 pro
322 1826 401 1847 nunc
410 1815 505 1856 potest
514 1824 577 1845 non
592 1814 648 1846 eiie
664 1812 808 1849 futurum,
827 1813 862 1845 de
875 1824 936 1857 quo
954 1814 1085 1845 maxime
1096 1812 1267 1845 videretur:
1284 1823 1351 1845 nam
1370 1811 1645 1844 contradictionem

165 1859 481 1901 formaliterimplicat,
496 1856 580 1902 quod
590 1859 699 1903 aliquid
712 1869 841 1891 mutetur
849 1858 885 1891 de
895 1869 955 1891 non
971 1859 1072 1890 futuro
1092 1869 1120 1888 in
1136 1855 1285 1896 futurum,
1299 1857 1347 1888 vel
1363 1857 1400 1889 de
1416 1856 1517 1889 futuro
1532 1868 1561 1890 in
1580 1868 1643 1888 non

111 1908 142 1939 D
167 1906 319 1942 futurum,
341 1904 393 1938 nifi
415 1915 465 1948 pei·
483 1904 664 1949 positionem
682 1910 743 1936 cius
762 1906 789 1937 in
804 1902 872 1942 esse,
897 1903 967 1936 ficut
982 1903 1132 1936 decimum
1148 1905 1291 1935 ostauum
1309 1903 1394 1935 huius
1410 1903 1547 1935 ostendit.
1572 1903 1644 1934 Nec

165 1953 226 1986 hoc
237 1952 330 1996 potest
341 1950 401 1983 fieti
418 1962 469 1994 per
483 1951 679 1983 mutationem
695 1953 723 1981 in
740 1949 848 1981 voluto
865 1961 913 1981 aut
929 1949 1003 1981 scito
1018 1948 1149 1992 praesenti
1163 1973 1171 1987 ‚
1196 1947 1257 1980 hoc
1273 1951 1353 1980 enim
1369 1947 1643 1981 contradistionem

164 1999 309 2035 includit,
336 1996 407 2028 ficut
422 1994 554 2040 superius
569 1999 598 2028 in
618 1994 701 2028 iimili
716 1995 754 2027 est
772 1995 920 2027 ostensum
945 2006 953 2028 ς
977 2006 1030 2026 nec
1047 1997 1076 2026 in
1093 1995 1200 2026 voluto
1218 2005 1267 2026 aut
1286 1994 1357 2026 scito
1376 1995 1546 2036 ptaetetito,
1570 1993 1642 2025 ficui:

167 2044 264 2077 nullus
279 2046 416 2086 ignorat,
438 2041 525 2087 quod
540 2042 569 2074 ἂ
587 2041 685 2084 potest
709 2039 843 2076 ostendi,
867 2040 939 2071 sicut
963 2038 1174 2072 ostendebatur
1195 2038 1326 2080 superius
1348 2039 1385 2071 de
1410 2040 1510 2071 futuro
1537 2051 1544 2068 :
1572 2039 1642 2070 Nec

165 2092 254 2122 etiam
272 2090 330 2121 boc
346 2087 386 2119 cst
404 2087 543 2129 possibile
560 2085 622 2119 fieri
638 2097 690 2129 pei·
705 2087 904 2121 mutationem
920 2098 949 2116 in
967 2086 1066 2128 aliquo
1082 2086 1187 2121 tertio,
1210 2083 1280 2116 sicut
1294 2084 1417 2128 quilibet
1434 2086 1551 2116 animus
1570 2095 1642 2116 con-

165 2137 254 2178 cipit,
278 2134 345 2166 :iim
361 2132 434 2166 illud
459 2134 653 2174 impertinens
671 2131 816 2164 videatur.
844 2131 917 2162 Item
936 2132 985 2163 iste
1003 2131 1121 2168 homo,
1147 2130 1241 2173 quiin
1260 2130 1298 2162 A.
1317 2128 1450 2172 praescnti
1469 2130 1585 2161 instanti
1602 2132 1642 2162 est

165 2180 300 2212 Londini
317 2178 400 2211 albus
415 2184 445 2211 Sc
464 2177 585 2218 sedens,
611 2179 708 2221 potest
724 2177 778 2209 hac
796 2174 991 2219 possibilitate
1008 2178 1036 2208 in
1056 2177 1084 2207 A
1109 2187 1172 2206 non
1188 2173 1244 2206 effe
1259 2175 1394 2208 Londini
1410 2173 1511 2213 albus,
1536 2186 1589 2207 nec
1604 2173 1643 2206 se-

165 2226 259 2262 dens,
284 2224 349 2257 imo
366 2225 395 2258 ὅ(
410 2235 439 2255 in
458 2224 562 2256 A.esse
580 2223 688 2255 Romae
705 2226 788 2265 niger
803 2223 832 2256 ὅ(
851 2223 945 2258 stans,
969 2221 1039 2254 sicut
1061 2220 1189 2254 ossenfio
1212 2221 1325 2263 quintae
1342 2220 1505 2256 monstrat,
1526 2220 1555 2254 ὀ(
1579 2231 1641 2252 non

165 2281 218 2316 per
233 2272 428 2304 mutationem
446 2269 594 2313 aliquam,
619 2269 689 2299 sicut
707 2269 806 2301 nullus
821 2270 948 2311 ignorat.
981 2265 1064 2299 Istam
1089 2267 1260 2299 sententiam
1284 2266 1373 2309 plane*
1387 2267 1508 2298 testatur
1526 2264 1641 2298 lohan-

166 2328 218 2349 nes
236 2318 361 2354 scotus,
386 2315 458 2348 ficut
482 2317 511 2348 in
537 2314 702 2347 ostensione
725 2315 833 2356 quintae
856 2314 987 2345 veritatis
1003 2321 1123 2356 apparet
1149 2324 1158 2345 t
1182 2313 1290 2353 Qam
1309 2313 1337 2345 ὅ(
1353 2322 1433 2343 tenet
1447 2311 1642 2343 concorditer

166 2363 316 2396 chricus
331 2360 368 2393 de
385 2360 536 2394 Gandauo
558 2370 585 2402 5.
608 2358 644 2392 de
659 2357 800 2402 quodlib.
816 2360 977 2402 quaestione
991 2369 1112 2402 quarta,
1139 2368 1301 2401 opponens
1322 2356 1352 2389 ὅ(
1373 2355 1558 2399 respondens
1580 2356 1640 2388 hoc
1661 2363 1789 2390 Henricm.

114 2424 137 2454 E
167 2409 264 2441 modo
279 2421 290 2445 ;
312 2406 408 2450 Q>d
428 2408 509 2439 Deus
528 2406 608 2442 vult,
627 2416 690 2437 non
708 2405 802 2448 potest
820 2415 882 2436 non
898 2404 986 2442 velle,
1000 2406 1065 2447 quin
1078 2404 1162 2435 :iliter
1175 2399 1224 2435 sua
1240 2403 1379 2434 voluntas
1395 2400 1461 2434 essct
1478 2401 1641 2434 mutabilis.

166 2453 341 2488 Dicendum
357 2452 442 2496 quod
455 2451 502 2483 illa
518 2448 695 2493 propositio,
711 2450 814 2483 {cilicet
832 2449 914 2493 quod
932 2450 1015 2481 Deus
1032 2449 1093 2481 vult
1108 2459 1170 2482 non
1180 2449 1274 2493 potest
1293 2457 1355 2479 non
1372 2447 1458 2482 velle,
1474 2448 1569 2488 potest
1583 2445 1640 2479 esse

166 2500 204 2533 de
220 2511 263 2539 re,
281 2499 311 2532 ὅ(
326 2497 363 2530 de
378 2498 472 2533 disto,
487 2496 578 2528 diuisa
594 2494 641 2528 vel
657 2494 828 2537 composita
844 2510 854 2533 ς
872 2494 891 2526 fi
909 2494 943 2527 sit
958 2493 995 2526 de
1013 2494 1095 2526 disto
1113 2497 1142 2528 ἃ
1158 2492 1339 2537 composita,
1357 2492 1394 2525 sic
1403 2493 1441 2523 est
1453 2502 1521 2523 veta
1538 2506 1548 2529 3
1568 2491 1585 2523 si
1603 2492 1640 2524 de

166 2556 197 2578 re
212 2550 242 2580 ὅ(
256 2544 346 2577 diuisa
357 2566 366 2579 ‚
382 2541 420 2575 fic
437 2544 474 2574 eil
490 2540 599 2579 sensus,
615 2541 698 2585 quod
713 2543 797 2574 Deus
814 2540 887 2578 vult,
902 2545 960 2575 &a
977 2539 1007 2571 id
1024 2541 1063 2572 est
1073 2562 1081 2578 ι,
1108 2540 1190 2571 Deus
1207 2551 1270 2571 non
1294 2538 1385 2570 habet
1403 2537 1581 2581 potestatem
1601 2537 1640 2568 de

166 2601 229 2623 non
247 2586 383 2620 volendo
401 2587 485 2632 quod
501 2588 585 2623 vult,
609 2598 674 2629 quae
689 2587 726 2620 de
743 2587 1020 2618 virtutelocutionis
1035 2585 1186 2628 duplicem
1202 2585 1298 2628 potest
1315 2583 1425 2616 habere
1433 2583 1547 2614 causam
1564 2586 1640 2614 veri—

167 2640 231 2669 tatis
247 2650 257 2674 3
274 2645 402 2680 quarum
412 2645 470 2666 vna
481 2633 532 2670 est,
548 2634 631 2665 Deus
641 2644 702 2664 non
720 2631 806 2665 habet
822 2633 996 2675 potestatem
1004 2641 1062 2675 qtia
1079 2632 1150 2664 alias
1167 2632 1242 2663 nolit
1252 2630 1334 2674 quod
1347 2628 1441 2660 modo
1449 2628 1513 2659 vult
1525 2653 1532 2664 ‚
1556 2628 1640 2671 quod

167 2681 319 2715 vetumest
330 2705 338 2718 ,
362 2679 508 2721 quintalis
526 2677 655 2722 potessas
666 2679 824 2722 poneretin
839 2679 908 2709 Deo
919 2676 1182 2719 possibilitatemin
1200 2674 1397 2711 succedendo,
1413 2684 1489 2706 circa
1508 2673 1566 2705 Dei
1584 2684 1642 2705 vo·

167 2728 315 2761 luntatem
327 2749 335 2763 ‚
350 2726 450 2756 naum
462 2723 583 2757 nolendi
601 2725 665 2767 post
681 2725 780 2755 :ictum
797 2723 919 2756 volendi
937 2736 944 2753 ·.
969 2722 1007 2755 fic
1024 2724 1103 2753 enim
1114 2720 1182 2755 esset
1198 2720 1361 2758 murabilis,
1386 2729 1417 2752 vt
1435 2718 1572 2763 procedit
1583 2716 1641 2750 ob-

168 2774 270 2806 iestio.
295 2769 352 2804 Sed
371 2769 530 2803 secundum
548 2770 634 2801 istum
650 2767 761 2801 sensum
778 2769 828 2801 ista
845 2769 884 2801 est
902 2767 972 2802 falsa
996 2770 1025 2800 in
1047 2768 1129 2800 sensu
1144 2766 1238 2800 diuiso
1250 2792 1259 2806 ‚
1280 2766 1443 2798 sedentem
1462 2775 1525 2795 non
1545 2763 1642 2797 ledere

168 2829 231 2852 non
248 2817 288 2850 est
302 2813 457 2861 possibile,
481 2817 548 2858 quia
566 2814 663 2848 homo
687 2815 789 2848 {edetis
806 2826 902 2850 nunc,
927 2814 1029 2858 postea
1053 2813 1147 2856 petest
1172 2816 1238 2846 actu
1254 2824 1314 2845 non
1331 2808 1428 2843 sedere
1448 2822 1455 2840 τ
1471 2809 1526 2841 alia
1541 2818 1641 2841 autem

168 2862 256 2898 causa
270 2863 399 2897 veritatis
415 2862 470 2895 est.
492 2863 574 2895 Deus
585 2870 650 2894 non
666 2860 754 2894 habet
770 2862 800 2893 in
816 2857 843 2892 st
859 2869 1029 2904 potentiam
1038 2856 1231 2937 quzlpoffet
1252 2857 1306 2902 ipsi
1321 2853 1409 2889 inesse
1425 2854 1563 2888 noluntas
1579 2856 1642 2931 eiu}

1164 2914 1180 2934 2
1558 2909 1619 2942 quo
