1985 3130
150 157 292 208 Cn.
321 173 389 214 52.
804 156 877 205 De
899 154 1019 220 Causa
1041 156 1145 205 Dei.
1709 162 1781 229 853

159 260 187 293 Α
207 254 278 286 bent
288 251 494 286 habitudinem
503 249 538 283 ad
549 250 632 288 illud,
648 258 822 283 nontamen
830 248 867 281 ad
876 258 910 281 ca
919 258 984 292 qua:
993 247 1103 280 habent
1113 246 1319 280 habitudinem
1329 249 1365 281 ad
1376 249 1447 283 illud
1458 249 1471 294 ΙΙ
1484 252 1688 293 accidentalem3
1706 254 1723 293 Η
1737 255 1870 285 actualem

207 310 274 342 quo
292 308 345 342 pet
353 296 524 339 exemplum
534 297 662 333 ostenso,
676 293 826 337 subiungit
836 319 843 330 .
856 293 957 337 Qare
967 303 1035 325 cum
1047 293 1186 325 voluntas
1194 295 1251 326 Dei
1258 305 1310 337 per
1317 294 1344 327 se
1355 295 1386 328 sit
1395 295 1462 328 finis
1471 296 1545 329 boni
1554 298 1637 343 quod
1645 302 1688 343 ip-

208 347 237 376 ie
243 346 292 380 est,
299 342 348 376 etfi
358 341 514 376 necesslzri'o
526 341 588 373 vult
597 339 678 375 illud,
686 340 716 374 ἂ
726 351 791 384 quae
801 340 989 372 neceiiatiam
999 339 1034 371 ad
1044 339 1138 382 ipsum
1148 338 1260 371 habent
1269 338 1525 381 habitudinem,vt
1533 341 1688 386 sunt‚quae-

209 399 326 432 cunque
334 387 397 420 sunt
405 389 434 420 in
444 387 544 420 diuina
552 386 684 422 essentia,
695 396 755 417 non
766 395 863 418 tamen
872 381 1031 417 necessario
1041 384 1104 417 vult
1112 383 1160 415 illa
1169 394 1239 428 quae
1248 384 1358 418 habent
1373 384 1577 421 habitudinem
1593 387 1606 417 ΙΙ
1614 399 1687 420 acce·
1706 384 1719 423 Η
1736 382 1866 414 astualem

206 434 343 465 demum
350 433 387 466 ad
397 432 468 467 illud
479 443 487 466 ς
499 432 565 464 talia
575 442 673 464 autem
683 430 748 463 sunt
758 431 861 462 omnia
869 430 922 462 alia
931 429 967 461 ab
976 440 1014 460 eo
1026 453 1033 466 ‚
1049 430 1118 473 quia
1128 429 1200 461 nihil
1210 440 1246 463 ex
1262 432 1303 463 eis
1318 430 1444 464 bonitati
1460 430 1516 464 suae
1531 432 1684 469 accrescm

208 479 385 522 Nullaergo
394 476 564 510 necessitate
574 477 636 509 vult
645 475 756 519 aliquid
766 475 899 512 illorum,
917 475 964 507 scd
974 473 1047 506 nihil
1056 476 1124 507 tacit
1132 473 1184 507 nisi
1196 475 1280 518 quod
1288 476 1351 509 vult
1362 476 1466 510 ;Nihil
1474 489 1546 522 ergo
1556 479 1686 512 aliorum

205 535 224 557 a
234 525 261 556 se
271 536 334 568 qua:
344 524 412 556 satit
422 522 459 554 de
469 523 637 555 necessitate
645 521 725 554 facit.
753 522 789 554 Et
803 519 878 552 infra
889 545 898 560 ‚
926 522 1008 553 Deus
1023 531 1087 553 non
1104 519 1166 552 vult
1176 519 1214 552 de
1222 522 1394 554 necessitate
1401 533 1467 566 quae
1481 526 1634 557 iuntextra
1643 527 1684 569 ip-

204 570 284 608 sum,
294 579 415 613 propter
423 567 509 612 quod
519 566 640 612 quando
651 566 757 600 facitea
774 568 803 598 in
813 564 868 597 esse
878 566 1038 598 existentiae
1053 566 1089 597 de
1099 576 1161 609 quo
1169 566 1207 598 est
1221 568 1342 609 quaestio
1352 591 1360 605 ,
1380 578 1443 598 non
1460 568 1497 601 de
1513 571 1685 603 necessitate

204 616 368 649 voluntatis
377 614 433 647 suae
443 612 514 646 facit
529 625 561 645 ea
572 635 581 650 ‚
602 611 799 645 vtibcundum
809 610 888 643 hunc
898 611 1028 643 modum
1037 609 1156 642 bonitas
1164 610 1221 642 suae
1230 608 1354 645 essentiae
1372 623 1433 645 nou
1451 612 1484 646 sit
1500 616 1525 646 ci
1541 616 1617 647 ratio
1629 626 1684 646 vo-

205 659 286 692 lendi
294 661 408 695 omnia,
432 662 503 703 quia
513 657 606 702 posset
620 664 632 702 ii
640 658 692 688 alis
703 658 777 689 velle
784 668 851 701 quae
862 667 915 690 nec
926 657 1001 695 vult,
1011 668 1064 689 nec
1074 657 1176 694 volet,
1194 656 1264 688 ficut
1273 667 1371 703 neque
1381 660 1483 691 veritas
1492 658 1523 691 su
1533 672 1549 691 e
1558 658 1682 693 esstntiae
1702 668 1716 707 Η
1724 672 1816 699 omnia

204 708 245 738 cst
253 707 366 738 citatio
377 704 486 737 sciendi
502 705 605 737 omnia
616 714 680 747 quae
689 702 760 734 scite
770 700 880 746 posset,
897 701 1004 734 seilicet
1014 713 1046 734 ea
1054 713 1121 744 qux
1131 700 1246 745 possent
1257 701 1311 736 effe
1319 703 1366 736 vel
1374 703 1438 735 sote
1447 729 1454 740 ,
1480 716 1534 737 nec
1544 716 1643 739 tamen
1654 718 1682 738 e-

205 761 335 790 riintivt
345 749 483 783 sicutnon
493 748 531 781 de
539 749 708 782 necessitate
718 747 766 780 scit
777 746 804 780 sc
814 747 906 780 facere
914 759 981 792 qua:
992 748 1052 791 ipse
1060 748 1137 783 facit,
1160 746 1232 779 licut
1242 758 1305 780 non
1322 748 1360 782 de
1374 750 1544 783 necessitate
1560 750 1624 783 vult
1640 753 1683 783 fa-

147 792 172 823 B
203 806 265 830 cere
276 807 341 841 quae
351 795 432 831 facit,
440 805 472 827 vt
481 796 541 826 iarn
551 794 681 827 dicetur:
699 793 829 825 similiter
837 803 935 837 neque
943 793 980 825 de
987 792 1155 825 necessitate
1165 790 1273 826 scitaut
1282 794 1343 826 vult
1352 793 1409 826 effe
1423 806 1489 840 quae
1508 797 1574 827 sunt
1582 797 1620 828 de
1630 809 1682 830 ne-

202 840 335 875 cessitatc
344 839 478 873 absoluta
489 849 497 874 ³
510 839 682 873 Dicendum
693 840 732 870 est
741 850 813 883 ergo
823 837 991 881 simpliciter
1000 839 1029 871 ἂ
1037 838 1172 871 absolute
1181 838 1266 883 quod
1274 848 1457 885 quaecunque
1466 842 1545 875 Deus
1555 840 1623 874 iacit
1632 853 1681 877 ex-

201 897 246 920 tra
255 881 411 923 semullum
418 896 524 918 eorum
533 885 569 918 dc
577 883 746 918 necessitate
755 883 837 920 facit,
849 894 945 926 neque
954 895 1060 916 eorum
1070 895 1137 928 quae
1144 882 1215 916 facit
1222 885 1392 919 immediate*
1403 911 1411 922 ,
1427 887 1509 931 quod
1519 886 1679 920 secundum

202 931 427 975 thlosophum
436 941 496 964 erat
505 940 628 963 vnicum
637 941 766 969 tantum,
775 929 857 974 quod
866 930 903 961 de
914 928 1020 961 necessi
1025 939 1126 968 tate,vt
1135 930 1247 963 dietum
1258 929 1463 974 est‚ponebant
1472 934 1566 975 ipsum
1576 931 1683 968 fact-rei

202 989 299 1023 neque
309 989 373 1022 quae
382 976 452 1010 facit
461 975 660 1009 mediantibus
670 976 745 1014 aliis,
755 978 782 1007 in
793 987 855 1020 quo
866 973 1211 1018 Philosophinobiscum
1221 975 1424 1016 concordant,
1439 988 1509 1021 neq3
1520 979 1609 1010 etiam
1618 979 1683 1012 illo-

201 1035 268 1056 rum
279 1034 438 1068 quicquam
449 1022 516 1055 facit
524 1020 692 1054 necessitate
701 1023 862 1054 coaffionis
870 1045 881 1060 ‚
905 1030 971 1064 qiiae
986 1021 1173 1054 voluntatem
1181 1031 1285 1054 contra
1293 1024 1443 1065 propriam
1453 1024 1680 1056 inclinationem

202 1069 250 1101 vel
259 1069 423 1102 naturalem
432 1067 478 1101 vel
488 1067 686 1100 voluntariam
694 1066 818 1111 impellit
827 1067 855 1097 in
865 1068 1025 1104 astionem,
1034 1078 1071 1098 eo
1080 1067 1163 1110 quod
1172 1065 1362 1110 impassibilis
1369 1069 1408 1100 est
1425 1068 1455 1102 ὅ(
1468 1079 1679 1113 omnipotens;

200 1125 297 1158 neque
306 1110 812 1154 necessitateimmutabilitatis,quae
821 1113 961 1145 virtutem
971 1111 1136 1155 simplicitet
1151 1112 1181 1146 ὃ(
1197 1110 1332 1144 absolute
1348 1113 1378 1145 in
1394 1116 1494 1147 astum
1509 1114 1582 1157 ligat
1596 1115 1625 1149 ὅ(
1638 1124 1682 1149 te.

200 1170 264 1196 net,
275 1165 308 1192 vt
317 1157 396 1192 bene
405 1158 475 1191 dicit
484 1157 629 1192 articulus
642 1157 808 1196 damnatus,
831 1156 900 1189 sicut
909 1157 1022 1189 daeium
1032 1159 1071 1189 est
1081 1157 1280 1201 opponendo.
1298 1158 1364 1201 Qui
1374 1156 1488 1193 &infra
1501 1160 1680 1202 responden·
1699 1167 1828 1198 Hearicus,

202 1204 243 1237 do
253 1204 289 1238 ad
299 1209 430 1248 primum
439 1213 663 1247 argumentum,
673 1202 710 1234 fic
718 1204 775 1236 ait3
786 1202 835 1235 Ad
845 1213 1055 1245 argumentum
1064 1201 1237 1246 oppositum
1248 1226 1258 1241 ‚
1279 1202 1362 1245 quod
1377 1203 1415 1235 de
1425 1206 1597 1237 necessitate
1605 1205 1678 1239 illud

199 1249 233 1284 fit
241 1250 325 1295 quod
334 1251 419 1283 Deus
429 1250 490 1282 vult
497 1248 604 1287 facere,
613 1250 783 1281 Dicendum
792 1247 871 1290 quod
880 1259 984 1281 verum
993 1249 1032 1280 est
1043 1248 1215 1281 necessitate
1224 1247 1236 1276 ll
1245 1247 1446 1291 consequentia,
1456 1261 1511 1281 non
1519 1250 1678 1295 consequen·
1697 1251 1710 1289 Η
1720 1251 1863 1291 constun-

198 1298 250 1335 τὰς
259 1297 328 1340 quia
338 1294 525 1329 Antecedens
533 1305 593 1326 non
603 1295 642 1325 est
652 1291 839 1326 necessarium
850 1291 1139 1336 simpliciter.scilicet
1148 1292 1232 1337 quod
1240 1292 1325 1326 Deus
1333 1294 1396 1326 vult
1405 1294 1478 1327 illud
1489 1294 1584 1329 facere
1592 1297 1677 1340 quod
1699 1301 1724 1320 ‘²
1731 1302 1786 1321 ⁰0¹¹
1798 1303 1864 1331 1³¹2·

142 1345 174 1378 c
201 1341 282 1379 facit,
293 1340 346 1374 nili
353 1338 567 1373 considerando
576 1340 674 1371 actum
685 1338 849 1370 voluntatis
858 1349 889 1369 vt
898 1339 975 1371 estin
986 1339 1119 1383 Deoipsa
1127 1339 1229 1372 diuina
1237 1336 1353 1372 essentia
1365 1364 1375 1377 ,
1394 1340 1516 1383 qualiter
1533 1352 1593 1374 non
1602 1353 1677 1374 con-
1698 1333 1806 1361 cedente

199 1386 340 1420 fideratur
349 1388 378 1418 in
388 1384 538 1430 proposita
547 1384 721 1428 quaestione,
732 1382 777 1415 sed
789 1383 885 1415 solum
894 1383 1054 1416 secundum
1086 1385 1146 1417 uod
1156 1384 1258 1417 transit
1272 1384 1423 1418 actualiter
1437 1389 1465 1419 in
1480 1386 1616 1420 volutum
1626 1399 1678 1421 ex·

199 1434 306 1466 terius:
327 1433 363 1464 Et
372 1431 454 1475 quod
464 1432 604 1474 arguitur,
625 1430 709 1474 quod
724 1428 914 1462 Antecedens
931 1429 970 1461 est
988 1440 1058 1462 nece
1084 1432 1179 1462 arium
1195 1429 1385 1474 simpliciter,
1408 1435 1478 1476 quia
1494 1432 1578 1475 quod
1592 1434 1677 1468 Deus

198 1478 265 1510 vult
273 1489 334 1511 non
345 1476 442 1520 potest
457 1487 519 1508 non
530 1476 617 1513 velle,
640 1477 707 1518 quia
722 1475 804 1507 aliter
812 1473 862 1507 sua
871 1474 1008 1508 voluntas
1019 1476 1085 1509 effet
1093 1474 1244 1509 mutabilis
1254 1501 1263 1514 ‚
1286 1475 1459 1510 Dicendum
1469 1482 1526 1512 stc.
1541 1479 1570 1509 in
1579 1480 1677 1512 osten-

198 1522 280 1557 fione
288 1523 416 1556 veritatis
429 1521 594 1555 vndecimae
603 1521 735 1564 allegata.
756 1522 924 1553 Damiiatiir
934 1531 1007 1564 ergo
1024 1522 1053 1554 in
1070 1522 1193 1555 articulo
1210 1523 1333 1554 recitato
1350 1522 1506 1556 necelsitas
1524 1526 1675 1563 naturalis,

198 1566 494 1613 fimplex,absoluta.
514 1573 544 1600 ὃ(
560 1564 872 1610 prxcedenstespestu
882 1566 1348 1602 volutionis&fastionisdiuinae
1361 1569 1398 1602 ad
1412 1579 1515 1608 extra,
1540 1581 1606 1602 non
1623 1583 1676 1604 au-

199 1624 261 1647 tem
270 1614 424 1647 necessitas
437 1611 562 1656 sequens
579 1612 728 1655 praedisia.
754 1612 838 1652 Quis
846 1614 925 1645 enirn
942 1611 1210 1656 negaueritneceffe
1218 1610 1276 1645 effe
1293 1612 1350 1645 hac
1365 1617 1535 1647 necessitate
1551 1617 1673 1658 sequen-

201 1670 249 1698 te,
263 1661 361 1693 Deum
369 1659 465 1691 facere
473 1658 614 1702 quicquid
630 1657 804 1690 immediate
813 1656 846 1690 fit
857 1656 911 1690 abi
937 1656 984 1694 so,
1001 1657 1172 1694 sicut&hac
1182 1658 1371 1697 necessitate,
1394 1662 1503 1694 Omne
1519 1662 1605 1705 quod
1621 1664 1671 1702 cst,

222 1705 322 1738 uando
330 1706 381 1740 est,
406 1703 514 1738 necesse
529 1703 568 1736 est
582 1703 638 1736 esse
648 1728 656 1741 ,
677 1705 707 1738 ὅ(
723 1703 807 1747 quod
819 1702 852 1736 fit
867 1704 897 1738 ἃ
919 1704 1018 1736 ειᾶιιη]
1027 1705 1067 1736 est
1077 1728 1085 1742 ,
1109 1703 1169 1737 fieri
1182 1705 1213 1739 &
1229 1703 1340 1738 factum
1349 1704 1422 1745 effe,
1436 1708 1467 1741 ὅ(
1483 1707 1583 1738 Deum
1598 1708 1674 1741 velle

211 1760 238 1783 ic
254 1750 321 1784 esse.
347 1751 393 1783 Ex
402 1749 449 1783 his
462 1760 564 1782 autem
574 1749 670 1793 potest
679 1748 891 1784 elici&liaberi
908 1749 990 1793 quod
1008 1749 1159 1783 necessitas
1174 1749 1418 1784 immutabilitatis
1435 1752 1472 1783 ad
1490 1753 1674 1786 intellectum

198 1797 374 1830 Doctorum
389 1797 428 1829 ‘st
436 1795 546 1838 duplex
557 1795 604 1828 vel
620 1793 741 1839 triplex.
773 1796 845 1827 Vna
857 1816 866 1830 ,
888 1806 944 1838 qua
955 1819 963 1831 ,
987 1793 1005 1826 si
1022 1795 1091 1827 cffet
1106 1797 1135 1828 in
1153 1795 1224 1834 vsu,
1248 1796 1387 1840 quicquid
1404 1797 1444 1829 est
1461 1797 1607 1841 aliquale,
1640 1804 1672 1830 ὃς

199 1852 264 1873 non
281 1842 374 1884 potest
391 1852 453 1874 non
466 1841 521 1875 ess'e
535 1840 593 1873 tale
610 1851 663 1884 pet
675 1841 891 1877 mutationem,
907 1841 1000 1882 posset
1014 1840 1088 1875 dici,
1112 1841 1198 1884 quod
1209 1841 1319 1874 necesse
1328 1843 1367 1874 est
1384 1843 1552 1876 necessitate
1566 1844 1674 1877 immu-

142 1893 173 1924 D
199 1887 348 1920 tabilitatis
372 1887 468 1930 ipsum
483 1884 539 1919 esse
553 1886 624 1920 tale,
652 1888 722 1929 quia
736 1885 773 1918 ab
789 1885 849 1918 hoc
863 1888 971 1919 mutati
989 1897 1052 1917 non
1070 1886 1165 1928 potest
1180 1898 1189 1920 i
1213 1885 1312 1931 sicque
1326 1888 1470 1932 quicquid
1486 1889 1525 1920 eii
1542 1892 1674 1932 praeteri-

199 1943 283 1969 tum,
306 1931 418 1966 necesse
435 1933 474 1964 est
496 1932 553 1965 effe
575 1934 772 1976 praeteritum,
795 1932 825 1966 ὅ(
839 1930 1047 1975 quiequid-fuit
1065 1929 1217 1970 fututum,
1235 1930 1344 1965 neccsse
1364 1934 1403 1965 est
1421 1931 1501 1966 fuisse
1518 1934 1647 1966 futurum
1659 1958 1671 1972 ,

197 1978 230 2012 ὅ(
246 1977 385 2022 quicquid
399 1979 439 2010 est
454 1987 517 2010 non
534 1977 683 2015 futurum,
700 1974 810 2009 necesse
818 1977 857 2009 cst
866 1977 922 2008 esse
930 1988 993 2008 non
1004 1976 1135 2009 fututum
1147 2002 1156 2015 ‚
1175 1978 1206 2012 ἃ
1222 1975 1342 2014 similia,
1368 1977 1399 2011 &
1413 1977 1451 2009 sic
1467 1978 1673 2023 nonloqiiitut

197 2023 341 2057 articulus
354 2022 545 2067 supradistus.
567 2023 690 2058 Altera,
707 2033 775 2066 quae
789 2023 829 2055 est
845 2021 998 2055 necessitas
1013 2021 1175 2055 stabilitatis
1191 2024 1221 2057 6(
1236 2023 1375 2066 sequens,
1400 2022 1470 2056 ficut
1486 2025 1672 2068 quinquage-

198 2067 273 2102 fimo
288 2070 375 2102 huius
392 2078 487 2112 patet,
520 2067 558 2100 de
572 2077 631 2110 qua
648 2078 712 2099 non
728 2067 864 2111 intelligit
880 2068 1013 2100 articulus
1028 2077 1223 2099 memoratus.
1248 2067 1370 2106 Tertia,
1387 2079 1452 2112 φιτ
1462 2069 1501 2101 est
1517 2072 1672 2104 necessitas

197 2113 447 2148 immutabilitatis
465 2113 623 2151 naturalis,
643 2123 703 2155 qua
722 2113 828 2145 scilicet
843 2123 887 2144 res
903 2112 1000 2156 aliqua
1014 2111 1229 2144 determinatur
1242 2114 1429 2151 naturaliter,
1452 2121 1481 2146 «St
1499 2116 1671 2148 necessitate

200 2170 310 2192 naturae
326 2158 364 2192 ad
379 2168 471 2191 vnum
487 2157 602 2201 aliquid
616 2157 784 2191 faciendum
796 2181 804 2194 .
830 2169 883 2189 nec
900 2157 989 2190 habet
1006 2159 1169 2201 potentiam
1191 2158 1354 2192 naturalem
1370 2159 1408 2191 ad
1422 2157 1595 2202 oppositum
1607 2185 1615 2199 ,
1637 2162 1672 2192 si-

198 2215 249 2236 cut
271 2206 407 2248 potentiae
424 2203 606 2236 irrationales
626 2204 729 2235 affluae
741 2227 749 2241 ,
764 2214 796 2234 vt
811 2214 890 2245 patet
905 2213 936 2241 9.
951 2202 1121 2246 Memphyss
1136 2214 1182 2235 ιο.
1198 2209 1229 2235 δε
1247 2204 1334 2237 talem
1347 2204 1547 2238 necessitatem
1563 2207 1672 2238 immu-

200 2247 348 2283 tabilitatis
362 2250 458 2291 posuit
482 2249 588 2281 Petrus
609 2248 776 2281 Abelatdus
797 2250 826 2280 in
841 2249 910 2281 Deo
935 2247 970 2281 ad
995 2257 1095 2284 extra,
1126 2249 1219 2292 qualis
1236 2248 1266 2282 ὅ(
1287 2260 1318 2281 in
1344 2250 1467 2283 articulo
1489 2250 1671 2284 condemna-

200 2306 258 2328 tur.
296 2295 388 2328 Vnde
404 2301 435 2327 sc
458 2293 602 2327 Thomas
625 2294 672 2325 De
686 2295 821 2338 porentia
839 2294 918 2333 Dei,
942 2292 991 2325 vbi
1008 2296 1108 2338 prius,
1133 2294 1196 2330 Illi,
1221 2297 1335 2338 inquit,
1351 2297 1399 2338 qui
1415 2294 1552 2328 dicebant
1568 2298 1669 2329 Deum
1690 2306 1807 2337 Thomas.

199 2350 289 2384 :igere
305 2351 341 2373 ex
355 2338 524 2373 necessitate
540 2349 669 2375 naturr,
695 2338 847 2382 ponebant
862 2350 1025 2382 potentiam
1042 2340 1079 2371 de
1095 2351 1153 2383 qua
1167 2340 1274 2382 agitur,
1299 2351 1360 2372 non
1378 2338 1475 2372 solum
1490 2342 1670 2374 rarioneim·

191 2383 403 2419 imutabilitatis
419 2395 549 2423 naturae,
578 2384 626 2417 sed
640 2394 758 2418 ratione
773 2385 1024 2417 determinationis
1050 2394 1159 2417 natura:
1181 2384 1219 2416 ad
1237 2395 1342 2418 vnum.
1383 2387 1487 2425 Quare
1509 2386 1538 2418 ὅ(
1560 2385 1668 2419 chri-
1687 2390 1814 2422 Hernicus„

147 2439 170 2472 Ε
201 2443 253 2465 cus
268 2430 476 2463 Gandaucnsis
486 2429 646 2473 dicitquod
663 2430 746 2462 Deus
761 2429 832 2462 facit
848 2430 886 2462 ad
902 2440 982 2462 extra
991 2429 1433 2467 necessitateimmutabilitatis,
1455 2442 1520 2475 qiiae
1529 2433 1669 2465 virtutem

202 2476 410 2520 fimplicitet&
424 2474 554 2508 absolute
569 2477 598 2507 in
608 2476 876 2519 astuligat&tcnet
886 2499 895 2513 ,
911 2475 990 2508 vnde
999 2475 1075 2508 bene
1085 2475 1155 2509 dicit
1164 2476 1302 2509 articulus
1317 2476 1486 2509 damnatus.
1512 2476 1669 2510 irrationa-

201 2522 274 2555 biles
281 2532 354 2553 vero
363 2522 493 2553 rationes
505 2521 582 2554 Petri
593 2519 736 2554 Abelardi
748 2547 756 2561 ‚
779 2528 809 2554 &c
819 2521 1020 2565 quorumlibet
1031 2521 1166 2557 aliorum,
1182 2520 1241 2553 siue
1251 2521 1504 2566 Philosophorum
1517 2548 1525 2560 ‚
1552 2521 1610 2555 siue
1618 2522 1670 2555 fri-

202 2566 430 2610 uolophilotum
439 2566 636 2599 necessitatem
646 2567 807 2600 naturalem
824 2569 852 2598 in
869 2568 938 2599 Deo
948 2564 1076 2608 respestu
1085 2565 1231 2599 factorum
1242 2566 1362 2599 suorum
1372 2568 1495 2600 astruere
1505 2567 1671 2611 gestientes,

202 2612 316 2645 nullum
328 2611 437 2645 animal
452 2611 596 2645 rationale
605 2611 715 2645 debent
729 2623 864 2644 mouere.
886 2613 916 2644 Si
926 2614 1004 2643 enim
1015 2622 1114 2655 :igeret
1130 2612 1167 2644 ad
1175 2623 1257 2645 eittra
1270 2611 1440 2645 necessitate
1453 2624 1563 2645 natura*
1573 2637 1580 2649 ‚
1599 2625 1667 2646 cum

201 2656 322 2692 effeetus
334 2660 396 2689 eius
406 2657 528 2700 quilibet
538 2656 680 2690 fitfinitus
691 2681 698 2694 ,
720 2659 820 2701 &ipse
836 2657 904 2689 esset
920 2655 1020 2690 finitus
1037 2667 1144 2689 contra
1158 2660 1285 2700 primam
1301 2657 1533 2702 suppositionem
1552 2672 1562 2696 3
1586 2659 1633 2691 vel
1649 2659 1669 2690 fi

201 2702 364 2736 secundum
378 2713 443 2735 eam
464 2702 523 2745 ipse
539 2702 571 2734 fit
591 2701 741 2741 infinitus,
763 2703 886 2747 quilibet
906 2705 993 2736 etiam
1009 2704 1070 2735 eius
1087 2702 1210 2736 effeetus
1225 2701 1293 2736 esset
1310 2702 1440 2735 similiter
1456 2703 1606 2739 infinitus,
1633 2701 1670 2735 ss-

203 2761 251 2782 cut
264 2760 349 2781 nono
365 2749 454 2791 primi
471 2749 585 2790 plenius
599 2749 638 2780 est
655 2759 804 2790 :ii-gutum.
834 2749 903 2780 Nec
919 2750 1000 2781 Deus
1013 2760 1064 2791 per
1081 2749 1162 2780 suam
1174 2746 1322 2782 scientiam
1340 2747 1588 2790 comprehendit,
1605 2749 1670 2780 imo

201 2805 257 2826 nec
272 2792 525 2837 comprehendere
543 2794 640 2835 potest
652 2794 756 2827 melius
771 2805 824 2826 ens
840 2794 979 2837 possibile
990 2793 1065 2832 fieri,
1095 2805 1159 2837 quo
1172 2793 1277 2826 melius
1287 2792 1348 2827 fieri
1358 2793 1429 2826 nihil
1447 2790 1548 2835 posset.
1568 2793 1671 2826 Pona-

202 2840 334 2873 turenitn
344 2837 426 2882 quod
435 2837 821 2882 comprehendat&faciat‚
837 2846 867 2874 ὄζ
884 2837 963 2873 sitA.
980 2839 1053 2871 illud
1074 2854 1083 2879 ς
1100 2839 1146 2871 vel
1155 2840 1326 2882 etgoA.est
1335 2838 1484 2872 infinitum
1504 2839 1672 2880 simpliciter

1118 2886 1148 2918 C
1159 2896 1172 2916 c
1182 2895 1221 2918 cc
1469 2885 1675 2927 omniquaque
