1985 3130
114 159 164 208 C
177 180 204 209 ι,
221 180 261 210 12.
276 163 349 210 28.
797 159 872 207 De
893 158 1014 223 Causa
1031 158 1135 208 Dei.
1686 178 1767 228 717

111 252 142 284 A
172 266 254 292 runt,
270 255 289 287 si
301 255 637 299 nihilaliudintelligete
646 252 819 292 voluerunt,
832 251 900 285 cum
917 254 947 285 in
964 262 1028 285 vno
1043 250 1139 285 verbo
1148 252 1521 288 breuissim0&1euissimo
1531 253 1658 300 sepote-

171 301 410 345 rantexpedisse,
424 300 566 338 dicendo.
580 299 669 345 quod
678 301 708 332 in
716 297 859 332 omnibus
867 297 975 330 talibus
988 299 1029 332 est
1043 298 1200 331 necessitas
1215 299 1434 377 consequentiae
1443 302 1492 332 seu
1504 302 1656 335 conditio-

170 346 247 379 nalis
261 346 476 380 tantummodo
494 352 504 377 ἓ
525 344 576 379 Ad
590 346 720 379 eundem
737 354 862 388 quoque
876 342 1059 377 intellestum
1078 343 1116 377 de
1131 343 1301 379 necessitate
1333 344 1458 379 aberent
1472 346 1654 386 concedere,

170 392 256 434 quod
266 392 434 432 Chimaera,
451 399 481 425 ὅ(
497 394 601 423 omnia
610 402 671 423 non
681 391 780 422 futura
795 390 833 421 de
848 389 1020 423 necessitate
1027 391 1167 423 euenieut
1182 401 1191 422 t
1208 392 1328 423 namita
1337 389 1491 425 necessaria
1500 396 1541 425 est
1551 392 1654 426 conse-

170 439 290 479 quentia
301 444 332 471 &
341 437 556 471 conditionalis
564 434 707 481 praemiffii
717 436 754 467 dc
764 437 818 474 eis,
828 433 900 467 sicut
909 435 945 468 de
953 435 1030 473 aliis.
1056 436 1143 467 Nam
1153 433 1316 470 necessario
1327 434 1469 480 sequitur,
1486 438 1569 472 Deus
1579 450 1655 483 pra:-

171 482 236 522 scit,
254 483 326 516 velsi
338 485 421 516 Deus
432 481 557 528 praescit,
571 482 652 525 quod
664 481 828 517 Chimaera,
844 480 873 514 ἂ
883 482 986 513 omnia
996 491 1058 513 non
1066 480 1167 513 futura
1177 484 1328 518 eueni-ent,
1347 492 1420 526 ergo
1435 483 1484 516 illa
1501 488 1653 518 euenient.

172 528 243 561 Nec
252 531 348 573 petest
357 530 461 573 aliquis
469 528 659 571 respondete,
674 527 757 572 quod
773 537 802 558 in
814 528 965 569 praeteritis
976 527 1007 560 &
1017 528 1123 559 futuris
1131 527 1549 570 poniturantecedensincffe,
1566 531 1596 561 i'n
1607 529 1655 561 his

172 584 274 607 autem
284 586 362 613 non,
379 577 410 609 ὅ(
419 574 490 606 ideo
503 585 563 607 non
573 575 613 606 est
622 571 721 606 similis
731 573 888 605 necessitas
904 571 954 603 hic
964 573 994 607 ἃ
1010 571 1063 611 ibi,
1078 575 1148 616 quia
1157 572 1372 618 consequentia
1380 572 1426 607 seu
1436 573 1653 609 conditionalis

173 619 232 662 ipsa
243 631 294 662 per
309 620 336 653 se
350 623 380 652 in
389 621 459 653 vere
467 617 756 664 praescitis&futuris
766 629 827 651 non
835 618 1107 661 ponitantecedens
1117 621 1146 650 in
1157 616 1227 655 esse,
1243 618 1312 652 sicut
1329 629 1384 652 nec
1401 622 1430 652 in
1447 621 1502 653 alia
1519 622 1653 659 materia,

172 666 222 697 seu
240 667 305 703 aliis
320 670 454 699 terminis
467 664 709 709 quibuscunque,
724 664 771 697 sed
786 662 992 696 necessitatem
1008 663 1228 698 consecutionis
1245 664 1471 703 tantummodo,
1485 669 1515 700 &
1525 665 1562 698 sic
1579 664 1652 699 facit

173 711 230 744 alia
247 713 458 755 consequentia
473 712 522 743 leu
538 709 750 742 conditionalis
767 707 918 753 praemisla.
947 709 1122 753 Loquendo
1134 721 1209 754 ergo
1227 712 1345 754 praecise
1354 711 1391 744 de
1399 708 1460 743 sola
1477 710 1652 745 necessitate

116 750 142 782 Β
175 757 328 801 ριτεάιξὶη,
347 757 472 790 similem
482 766 602 800 oportet
613 755 778 789 concedere
793 756 830 788 de
845 754 1017 794 Chimaera,
1035 761 1064 787 δι
1083 758 1300 790 omnibusnon
1309 755 1414 789 futuris
1429 767 1485 790 nec
1499 757 1651 801 praesciti's,

173 802 246 836 ficut
262 803 298 837 de
312 803 419 836 futuris
435 810 466 836 δι
477 802 546 835 vere
562 801 710 844 praescitis.
736 801 959 845 Consequentia
968 802 1087 836 enirn&
1098 800 1490 835 conditionalishuiusmodi
1507 801 1592 835 simili
1602 813 1652 836 ne-

175 848 309 883 cessitate
324 848 478 886 firmatur,
501 848 574 880 ficut
590 848 646 879 alia
666 847 892 891 qualiscunque.
916 846 1056 880 Praeterea
1071 849 1101 880 in
1120 849 1171 881 ista
1187 850 1397 891 consequentia
1410 872 1418 885 ,
1433 850 1518 881 Deus
1536 852 1651 891 praescit

175 893 360 928 Chimaeram
378 893 453 932 fore,
475 905 549 937 ergo
566 893 721 925 Chimaera
738 892 898 926 necessario
913 894 981 929 erit,
1005 894 1193 936 supponitur,
1216 900 1247 926 ‹Sc
1263 896 1386 938 ponitur
1402 893 1581 926 antecedens
1593 918 1602 932 ‚
1619 894 1652 927 si-

177 951 227 972 cut
242 942 272 974 in
288 942 350 978 ista,
365 941 452 974 Deus
466 938 577 984 praescit
591 937 808 972 Antichristum
825 938 902 974 fore,
915 949 990 982 ergo
1004 938 1202 971 Antichristus
1219 937 1381 973 necessario
1396 940 1463 978 erit,
1481 940 1511 975 ὃ(
1528 939 1652 973 necessi-

178 997 222 1018 tas
236 985 453 1030 consequentiae
469 987 507 1018 est
521 985 654 1028 aequaliS,
679 996 752 1029 ergo
776 983 943 1027 simpliciter
966 985 1085 1028 aequalis
1102 986 1133 1019 ὅ(
1151 984 1253 1019 similis
1266 986 1306 1018 est
1320 985 1473 1019 necessitas
1496 996 1525 1017 in
1549 985 1652 1018 amba-

176 1031 243 1066 bus.
275 1033 345 1065 Nec
358 1029 579 1065 sufficitdiccre.
589 1030 673 1073 quod
682 1030 860 1063 antecedens
871 1033 899 1063 in
910 1029 1037 1061 secunda
1047 1031 1086 1063 est
1097 1042 1211 1070 verum,
1227 1032 1293 1065 &in
1305 1036 1400 1077 prima
1408 1029 1527 1070 falsum,
1541 1038 1571 1064 Sc
1581 1031 1653 1064 idco

177 1089 242 1111 non
259 1080 299 1113 est
309 1079 461 1111 necessitas
470 1077 568 1109 similis
579 1077 626 1109 hic
641 1076 670 1109 ὅ(
685 1076 736 1109 ibi.
763 1076 885 1109 Faliitas
899 1087 980 1109 enim
995 1076 1194 1110 antecedentis
1212 1076 1411 1110 necessitatem
1430 1076 1655 1123 consequentia:

177 1124 342 1158 nullatenus
360 1126 478 1160 minuit,
501 1134 554 1155 nec
575 1125 681 1155 veritas
696 1121 790 1165 ipsam
809 1132 918 1165 auget,
944 1121 1016 1154 sicut
1042 1123 1141 1156 nullus
1157 1123 1395 1156 Dialefflcorum
1414 1124 1543 1167 ignorat.
1568 1123 1653 1156 Cum

176 1181 250 1212 ergo
268 1171 424 1203 necessitas
441 1168 664 1212 consequenriae
681 1167 763 1200 nullo
779 1170 876 1202 modo
893 1170 1047 1201 veritatem
1065 1168 1598 1213 aiitecedentisincludatrespiciendo
1614 1169 1655 1200 ad

176 1213 272 1248 solam
282 1216 482 1249 necessitatem
497 1213 727 1260 consequentiae‚
746 1212 846 1247 similis
862 1214 899 1247 est
918 1213 1074 1247 necessitas
1089 1215 1119 1246 in
1134 1214 1284 1248 ambabus
1300 1228 1308 1247 ι
1325 1214 1356 1248 ὅ(
1367 1214 1442 1248 hanc
1456 1215 1548 1248 solam
1565 1218 1594 1247 in
1611 1226 1655 1249 ta·

178 1261 255 1294 libus
264 1264 350 1306 ponit
359 1263 411 1294 ista
420 1260 572 1305 responsio
589 1275 599 1299 ς
616 1271 708 1304 quare
718 1258 804 1293 habet
819 1270 934 1304 ponere
942 1259 1171 1305 consequenter,
1186 1259 1273 1303 quod
1288 1258 1360 1294 sicut
1377 1261 1490 1295 necesse
1504 1261 1544 1293 est
1563 1262 1656 1294 Ami:

121 1296 154 1330 c
178 1307 320 1341 christum
330 1307 407 1346 fore,
423 1306 462 1338 fic
479 1307 509 1340 &
524 1305 723 1338 Chimaeram.
749 1306 868 1338 Textns
885 1317 1009 1350 quoque
1023 1317 1055 1338 ac
1071 1305 1220 1350 processus
1234 1307 1389 1340 Autorum
1406 1306 1444 1339 de
1459 1306 1511 1340 ista
1528 1306 1655 1340 necessi-

178 1364 238 1386 tate
247 1354 448 1397 loquentium,
462 1353 543 1385 istam
554 1349 677 1395 glossam
687 1352 938 1392 velutvipeream,
957 1353 1169 1396 peremtoriam
1178 1353 1286 1386 scilicet
1301 1355 1461 1391 suitextus,
1481 1364 1544 1385 non
1560 1363 1657 1396 expo-

179 1398 312 1432 sitoriam
323 1423 332 1437 ‚
355 1398 537 1442 redarguunt
552 1405 583 1431 δε
599 1399 796 1430 conuincunt.
825 1398 924 1430 Causa
939 1409 1084 1441 namque,
1106 1408 1195 1442 quam
1210 1398 1336 1442 assignat
1350 1399 1474 1431 Boetius
1493 1397 1542 1430 vbi
1558 1399 1656 1442 prius,

176 1456 267 1489 quare
282 1445 379 1478 sutura
395 1446 598 1488 contingentia
612 1442 677 1476 sunt
694 1444 848 1477 necessaria
865 1443 1000 1487 respcstti
1015 1445 1202 1487 cognitionis
1224 1444 1273 1478 seu
1298 1444 1459 1478 voluntatis
1476 1443 1586 1476 diuinae
1596 1467 1605 1483 ‚
1626 1445 1659 1478 ὅ(

177 1501 242 1524 non
258 1490 388 1533 respestu
404 1488 558 1523 causarum
576 1489 754 1522 inferiorum
765 1513 774 1526 ‚
794 1491 835 1522 est
854 1491 905 1522 ista
916 1512 924 1525 ,
946 1491 1013 1533 quia
1027 1489 1107 1533 apud
1121 1492 1333 1534 cognitionem
1351 1489 1485 1523 diuinam
1502 1491 1567 1522 sunt
1582 1501 1660 1533 prae-

178 1537 282 1573 sentia;
299 1536 330 1570 ὅ(
347 1537 404 1569 esse
418 1535 504 1581 quod
521 1537 572 1572 est,
589 1535 714 1580 quando
727 1537 778 1573 est,
790 1534 902 1569 necesse
917 1535 956 1567 est
972 1549 982 1574 ς
1000 1534 1048 1568 sed
1064 1535 1142 1579 apud
1152 1535 1418 1569 causasinferiores
1433 1547 1496 1567 non
1507 1537 1660 1579 suntprte-

178 1584 283 1617 sentia.
297 1580 347 1614 sed
365 1582 476 1621 futura,
492 1587 523 1614 δε
539 1581 611 1614 ideo
627 1581 706 1625 apud
723 1592 785 1617 eas.
802 1593 963 1626 antequam
979 1581 1046 1618 sint,
1061 1578 1180 1625 possunt
1190 1592 1252 1614 non
1262 1581 1327 1614 esse.
1351 1582 1436 1615 Dicit
1445 1592 1525 1614 enim
1537 1582 1660 1614 Boetius

182 1629 259 1671 5.de
267 1626 470 1662 consolatione
479 1626 682 1671 Philosophia:
693 1652 701 1665 ,
714 1626 803 1672 prosa
817 1627 872 1660 vlt.
896 1628 1058 1669 Quoniam
1074 1637 1168 1659 omne
1182 1627 1326 1661 iudicium
1342 1627 1504 1661 secundum
1517 1627 1557 1659 sui
1577 1636 1662 1658 natu-

178 1684 245 1707 ram
261 1685 327 1718 quae
343 1673 396 1706 sibi
412 1673 540 1707 subiecta
559 1672 626 1707 sunt
648 1672 880 1717 comprehendit
891 1698 898 1711 ,
922 1672 962 1705 est
977 1684 1076 1707 autern
1092 1673 1165 1706 Deo
1179 1673 1297 1717 semper
1312 1684 1442 1707 aeternus
1458 1684 1493 1705 ac
1507 1671 1663 1718 praesenta-

179 1720 243 1753 tius
255 1720 356 1759 status,
370 1720 488 1752 scientia
504 1730 627 1764 quoque
650 1720 713 1751 eius
728 1730 855 1752 omnem
874 1722 1018 1763 temporis
1033 1717 1214 1763 supergressa
1229 1720 1408 1756 motionem,
1433 1721 1464 1751 in
1483 1719 1541 1750 suae
1561 1726 1663 1751 manet

181 1763 369 1810 simplicitate
386 1764 543 1810 pra-sentiat
556 1788 564 1802 ‚
586 1763 760 1808 infinitaque
783 1767 919 1809 praeteriti
934 1776 970 1797 ac
988 1765 1076 1798 futuri
1094 1764 1189 1807 spacia
1209 1765 1415 1809 complestens
1427 1790 1437 1805 ,
1460 1766 1565 1797 omnia
1580 1761 1662 1808 quasi

123 1835 157 1868 D
181 1812 240 1844 iam
257 1810 270 1855 ss
281 1821 430 1855 gerantur,
446 1813 476 1842 in
491 1814 539 1844 sua
557 1810 680 1855 simplici
696 1821 873 1854 cognitione
887 1810 1064 1844 considerat.
1092 1811 1196 1855 Itaque
1213 1809 1231 1842 si
1242 1811 1424 1854 praesentiarn
1440 1809 1560 1855 pensare
1574 1810 1661 1846 velis,
1679 1812 1828 1852 ligemur.-

182 1868 242 1901 qua
257 1858 363 1890 consta
377 1855 540 1900 dignoscit,
556 1867 617 1889 non
633 1857 689 1889 esse
706 1856 1008 1901 praescientiamquasi
1025 1855 1136 1895 futuri,
1159 1854 1208 1887 sed
1224 1858 1375 1890 scientiam
1390 1867 1547 1902 nunquam
1564 1854 1662 1889 defici-
1679 1863 1731 1884 tur.

180 1901 409 1936 entisinstantiae
424 1903 530 1935 rectius
546 1902 703 1935 aestimabis
720 1916 731 1940 ς
747 1902 828 1935 vnde
845 1913 905 1934 non
919 1902 1129 1946 praeuidentia,
1148 1899 1196 1934 sed
1213 1902 1406 1945 prouidentia
1424 1905 1525 1946 potius
1540 1898 1660 1935 dicitur.

181 1948 218 1981 Et
234 1949 311 1980 inira
327 1948 408 1980 nulla
423 1947 577 1981 necessitas
592 1951 675 1990 cogit
688 1948 824 1981 incedere
832 1948 987 1980 voluntate
1004 1948 1200 1991 gradientem,
1216 1951 1357 1992 quamuis
1373 1960 1455 1988 eum,
1478 1948 1548 1980 ciim
1566 1946 1664 1992 gradi·

183 2004 251 2031 tur,
275 1992 412 2026 incedere
433 1993 624 2027 necessarium
643 1993 684 2026 sit.
712 1994 830 2026 Eodem
847 1995 938 2037 igitur
953 1995 1049 2026 modo
1061 2018 1070 2030 ‚
1096 1993 1116 2024 si
1132 1994 1206 2038 quid
1224 1994 1411 2037 prouidentia
1426 1994 1553 2040 prasens
1566 1992 1662 2029 videt,

180 2040 211 2072 id
227 2039 284 2071 effe
299 2037 414 2072 necesse
430 2041 482 2079 est,
500 2037 612 2073 tametsi
631 2039 742 2072 nullam
752 2051 862 2072 naturae
873 2038 981 2072 habeat
996 2038 1213 2076 necessitatem,
1228 2050 1319 2084 atque
1329 2042 1411 2074 Deus
1424 2053 1457 2073 ea
1468 2044 1580 2078 sutura,
1595 2049 1664 2083 quae

180 2096 220 2118 ex
234 2083 348 2121 arbitrii
364 2084 499 2119 libertate
514 2086 709 2129 proueniunt,
725 2084 878 2129 praesentia
897 2095 1064 2117 contuetur.
1090 2085 1165 2117 Haec
1181 2095 1255 2128 ergo
1271 2085 1308 2118 ad
1324 2088 1463 2118 intuitum
1480 2086 1571 2118 relata
1588 2085 1664 2117 ‹liui-
1764 2123 1769 2128 ¹
1785 2123 1791 2128 .

181 2143 256 2165 num
271 2131 424 2164 necessaria
439 2130 515 2163 fiunt
531 2141 582 2174 per
597 2131 803 2163 conditionem
815 2131 860 2164 seu
873 2129 1099 2173 dispositionem
1109 2130 1220 2163 diuinae
1236 2131 1388 2163 “normula
1413 2133 1450 2164 Et
1465 2132 1587 2163 inferius
1604 2132 1663 2162 cui·
1682 2123 1822 2169 ΙΙξηῑωΠΟ·

182 2176 254 2209 darn
270 2176 439 2215 obiicienti,
457 2181 489 2209 Sc
502 2186 644 2221 quaerenti
661 2175 698 2207 ab
715 2188 751 2208 co
762 2201 769 2213 ,
793 2177 878 2220 Qd
894 2179 984 2219 igitur
999 2176 1086 2208 refert
1102 2188 1164 2208 non
1182 2174 1238 2208 esse
1253 2177 1429 2216 necessaria,
1450 2177 1519 2210 cnm
1537 2186 1663 2220 propter
1684 2174 1737 2192 ¹¹¹⁵·

184 2221 295 2254 diuinae
312 2221 438 2254 stieniiae
453 2222 660 2254 conditionem
684 2222 785 2254 modis
801 2222 947 2255 omnibus
967 2221 1242 2254 necessitatisinstar
1258 2224 1418 2256 eueniant?
1435 2220 1529 2266 Qafi
1543 2221 1665 2259 diceret,

182 2265 204 2300 fi
220 2267 254 2300 fit
270 2278 322 2305 ita,
337 2269 414 2300 inter
428 2268 484 2301 esse
503 2278 564 2300 non
581 2265 736 2300 necessaria
753 2268 800 2300 vel
818 2265 974 2300 neccssaria
985 2267 1058 2299 nihil
1074 2266 1172 2300 refert.
1197 2267 1320 2300 Boetius
1329 2267 1367 2300 sic
1383 2265 1545 2311 respondet
1562 2277 1570 2299 ·,
1590 2265 1663 2299 Hoc

182 2314 282 2349 refert,
299 2313 385 2356 quod
401 2323 434 2345 ea
450 2325 515 2357 quae
531 2313 622 2357 paulo
639 2324 708 2345 ante
724 2316 882 2358 proposui,
901 2313 955 2346 Sol
971 2315 1078 2349 oriens,
1094 2315 1122 2347 ὅ(
1140 2312 1280 2356 gradiens
1294 2313 1405 2349 honm,
1422 2324 1486 2355 quae
1497 2312 1569 2344 dum
1587 2310 1664 2344 fiunt

183 2369 246 2392 non
263 2358 325 2391 fieri
341 2371 406 2392 non
423 2359 556 2403 possunt,
572 2370 678 2391 eorum
697 2370 795 2392 tamen
813 2371 906 2391 vnum
924 2358 1094 2402 priusquam
1112 2358 1208 2398 fieret,
1226 2359 1338 2392 necesse
1355 2368 1415 2390 erat
1430 2358 1572 2395 existere,
1589 2357 1663 2387 alte-

127 2413 152 2445 Ε
183 2415 250 2438 rum
269 2404 343 2438 vero
358 2405 483 2438 minime
498 2418 506 2436 ε
522 2406 562 2437 ita
579 2406 666 2437 etiam
683 2415 748 2446 quae
766 2407 918 2447 presentia
935 2406 1018 2437 Deus
1037 2404 1136 2441 habet,
1152 2404 1356 2447 proculdubio
1374 2405 1513 2440 existent,
1536 2401 1583 2434 sed
1611 2413 1664 2433 eo-

184 2461 251 2482 rum
267 2450 327 2482 hoc
340 2450 460 2492 quidem
472 2450 614 2483 dererum
632 2451 802 2483 necessitate
817 2450 977 2485 descendit,
995 2450 1068 2481 illud
1078 2450 1152 2482 vero
1162 2450 1199 2483 de
1209 2449 1546 2493 potcstatefacicntium.
1568 2446 1664 2479 Haud

183 2495 389 2540 igituriniuria
398 2495 540 2534 diximus,
555 2495 619 2527 haec
634 2494 697 2528 fiad
707 2496 838 2528 diuinam
848 2498 988 2529 noiitiam
998 2495 1174 2534 referantur,
1189 2493 1345 2528 necessaria
1363 2510 1373 2533 ;
1389 2495 1409 2527 si
1425 2506 1477 2538 per
1492 2495 1521 2526 sc
1531 2490 1666 2526 conside-

183 2540 547 2580 rentur,necessitatiseffc
556 2540 682 2574 nexibus
692 2540 838 2574 absoluta.
864 2544 965 2585 Qem
982 2543 1011 2572 in
1031 2539 1398 2584 hacastignationecausae
1407 2537 1665 2584 sequitursanttus

184 2586 327 2619 Thomas
336 2589 460 2628 superi.
472 2586 670 2619 sentent.dist.
683 2587 846 2631 38.quaest.
861 2598 888 2630 5.
907 2589 1004 2622 Deus,
1019 2588 1169 2630 inquiens,
1185 2586 1222 2619 ab
1230 2594 1341 2619 aeterno
1350 2597 1412 2619 non
1423 2585 1517 2618 solum
1527 2585 1601 2617 vidit
1616 2595 1665 2616 or·
1680 2582 1796 2612 Thomas.

183 2631 287 2665 dinem
298 2632 385 2665 suiad
392 2644 467 2669 rem,
485 2643 520 2663 ex
531 2634 614 2663 cuius
624 2632 767 2676 potestate
776 2644 818 2665 res
827 2644 886 2665 erat
895 2634 1003 2668 sutura,
1017 2630 1065 2665 sed
1074 2633 1167 2675 ipsum
1177 2633 1234 2665 esse
1243 2633 1282 2664 rei
1291 2630 1457 2665 intuebatur
1473 2643 1482 2664 e
1499 2630 1579 2673 quod
1591 2641 1666 2674 qua-

184 2677 249 2711 liter
258 2677 457 2714 sit,euidenter
465 2676 554 2710 docet
564 2678 685 2710 Boetius
694 2679 722 2709 in
730 2677 808 2710 libro
817 2678 855 2709 de
862 2679 1078 2711 consolatione.
1092 2680 1209 2710 Omnis
1217 2679 1298 2711 enim
1307 2681 1444 2720 cognitio
1454 2678 1494 2709 est
1504 2675 1666 2708 secundum

184 2723 314 2756 modum
325 2725 553 2765 cognoscentis3
563 2723 630 2755 cum
639 2724 727 2765 igitur
736 2725 819 2756 Deus
829 2723 860 2755 sit
871 2722 908 2754 ab
917 2734 1041 2760 aeterno,
1052 2733 1175 2766 oportet
1184 2722 1268 2767 quod
1278 2723 1415 2766 cognitio
1426 2724 1486 2754 eius
1496 2722 1666 2753 aeternitatis

185 2768 293 2802 habeat
301 2769 495 2812 modum,qui
504 2768 542 2800 est
552 2779 648 2802 totum
657 2767 712 2801 esse
723 2767 806 2800 simul
816 2768 875 2802 fine
886 2770 1069 2802 successione
1090 2781 1097 2799 τ
1114 2769 1194 2802 vnde
1204 2767 1276 2801 sicut
1286 2769 1423 2811 quamuis
1435 2777 1554 2810 tempus
1564 2764 1597 2799 fit
1605 2766 1668 2799 suc-

185 2815 444 2853 eessiuum,tamcn
456 2815 595 2856 eternitas
605 2815 644 2846 est
653 2813 770 2856 presens
779 2814 920 2847 omnibus
930 2813 1117 2858 temporibus
1127 2826 1187 2845 vna
1196 2815 1225 2849 ὃ(
1235 2813 1339 2846 eadem
1350 2813 1577 2848 imliuisibilis,Vt
1586 2822 1668 2843 nunc

186 2859 320 2894 ssanszita
328 2861 465 2905 cognitio
473 2858 522 2891 sua
531 2861 660 2894 intuetur
670 2862 773 2893 omnia
780 2861 971 2904 temporalia,
981 2861 1120 2905 quamuis
1130 2859 1185 2893 sint
1197 2859 1431 2901 succedentia,vt
1441 2855 1590 2903 praesentia
1600 2855 1666 2894 sibi,

1609 2912 1666 2935 nec
