1985 3130
221 169 277 214 So
285 173 314 213 6
811 156 975 207 ‘Thomae
990 155 1276 206 Pradwardini
1698 159 1742 208 L
1754 177 1766 208 i
1780 180 1803 208 B
1812 179 1863 227 .3.

335 256 441 291 dicere,
463 253 554 287 habet
570 254 689 288 vlterius
700 263 769 285 cum
784 250 941 294 insipiente
955 249 1064 290 dicere,
1085 252 1165 283 Non
1182 250 1222 283 est
1238 252 1319 283 Deus
1337 264 1345 284 ε
1361 262 1430 285 nam
1448 250 1469 282 si
1484 263 1546 284 non
1556 251 1593 284 est
1603 254 1809 294 omnipotem,
1833 261 1862 292 A

334 312 397 334 non
413 302 451 333 est
465 300 569 339 Deus,
594 298 666 331 sieut
688 301 782 342 prima
803 295 965 340 suppofitio
989 297 1077 340 primi
1092 296 1191 329 docet.
1216 298 1360 340 Amplius
1382 308 1481 331 autem
1501 296 1520 328 si
1537 298 1677 330 teiielatio
1691 300 1721 330 in
1736 310 1808 343 pro·

336 349 402 391 prio
418 357 545 389 genere,
569 346 588 376 si
605 343 730 377 verbum
747 345 777 375 in
795 353 873 380 aere,
899 342 918 374 si
935 353 1011 375 vnus
1029 341 1115 374 flatus
1131 341 1301 375 debilissimi
1320 341 1375 374 esse
1389 346 1419 375 iti
1441 341 1547 376 aethere
1562 344 1697 386 imponat
1710 347 1807 378 neces-

336 392 448 424 sitatem
465 392 532 422 Deo
550 392 579 425 ὅ(
602 389 727 429 futuris,
750 387 847 420 multo
870 390 964 431 magis
986 387 1260 430 incomparabiliter
1284 386 1409 421 verbum
1431 387 1621 420 intrinsecum
1645 390 1702 422 Dei
1728 401 1808 424 aetcr-

336 449 422 475 ntim⁷
446 447 510 480 quo
526 437 631 468 onmia
647 435 742 467 sutura
760 434 930 466 :eternaliter
945 433 1016 466 dixit
1033 438 1063 467 ὃ(
1083 434 1169 469 dicit,
1192 436 1222 467 ὁ(
1245 433 1388 466 retielatio
1405 433 1452 466 s'ua
1469 435 1625 466 intrinseca
1641 435 1670 469 ὅ(
1687 445 1806 473 aetcrna,

334 494 393 525 qua
409 482 495 513 Puer
511 483 616 513 omnia
639 480 737 513 futura
761 480 836 513 Filio
851 490 883 510 ac
907 480 1027 522 Spiritui
1051 480 1164 511 saneto
1182 480 1323 511 reuelauit
1339 479 1511 512 atrei-naliter
1527 490 1561 510 ac
1577 480 1688 512 reuelat
1700 505 1708 518 ,
1735 480 1808 514 sicut

337 526 485 560 tricesimo
499 537 604 569 quarto
620 524 708 558 huius
721 526 837 569 plenius
860 525 898 556 cst
927 525 1088 556 ostensum.
1117 524 1261 557 Praeterea
1283 535 1496 569 coirumpatiit
1519 525 1584 557 talis
1603 526 1744 558 reuelatio
1761 527 1807 561 vel

336 572 490 616 praedictio
505 572 542 603 de
557 572 670 610 futuro,
685 572 714 606 ὅ(
733 571 936 613 corrumpitur
952 581 1052 602 omnis
1070 569 1133 601 talis
1150 570 1324 607 necessitas,
1342 582 1374 602 ac
1389 581 1451 603 tota
1466 572 1621 604 reuertitur
1638 569 1808 606 difficultas.

336 619 410 650 Item
428 628 498 649 tunc
515 617 598 650 causa
615 615 792 650 necessitatis
808 618 888 648 istius
903 613 971 648 esser
987 616 1127 648 retieltitio
1144 617 1192 646 seu
1212 616 1363 659 praedifflo
1381 615 1570 660 prophetalis.
1596 616 1655 649 Sed
1672 627 1808 660 quomo-

338 663 379 696 do
397 662 582 706 prophetans
596 662 729 695 Londini
746 662 783 695 dc
800 661 915 694 astibus
928 660 1027 694 liberis
1043 660 1147 693 futuris
1163 661 1296 693 hominis
1315 662 1368 705 qui
1383 663 1422 693 est
1441 664 1562 699 Romae,
1580 673 1650 705 piit²
1664 661 1751 706 Papae
1761 663 1807 697 vel

340 710 550 751 Imperatoris,
574 719 643 740 eum
662 706 815 741 necessita
840 707 876 740 :id
897 705 1006 739 liberos
1031 709 1112 739 attus
1129 706 1217 744 siim,
1241 707 1308 738 ct‘im
1327 706 1400 739 nihil
1417 709 1535 750 penitus
1554 708 1642 740 faciat
1665 709 1739 741 circa
1763 720 1808 752 ip-

339 753 403 785 sum
422 761 429 785 ὲ
457 755 629 796 Qomodo
646 755 734 786 etiam
750 753 770 785 si
786 752 938 796 Propheta
952 754 1097 784 moriatur
1114 752 1279 796 priusquam
1301 753 1337 784 ‹le
1362 763 1425 796 quo
1441 753 1632 796 prophetauit
1658 753 1805 794 nascatur,

339 799 433 841 ipsunt
451 798 628 832 necessitat?
661 800 696 831 Et
715 797 732 830 si
752 800 817 842 quis
834 809 961 831 recurrat
978 798 1014 831 ad
1031 799 1130 829 Deum
1142 822 1150 835 ,
1175 799 1204 831 ὃ(
1222 798 1257 830 ad
1276 799 1426 830 aaronem
1441 809 1529 842 atque
1551 797 1807 832 necessitationem

338 844 470 876 diuinam
482 869 490 885 ‚
512 843 650 888 suppono
665 844 750 889 quod
773 847 857 877 Deus
873 845 935 887 post
952 842 1143 887 prophetiam
1161 842 1234 875 nihil
1250 844 1328 876 aliud
1343 843 1426 876 faciat
1441 847 1514 876 circa
1530 844 1612 877 illum
1629 843 1666 876 de
1679 841 1745 888 'qno
1761 845 1807 877 fu-

340 900 398 921 erat
415 890 641 933 prophetatum,
661 890 753 933 quiin]
768 890 839 922 alias
856 888 950 921 fuisset
965 887 1091 921 fiie‘lurtis
1110 902 1116 920 :
1143 888 1191 921 scii
1207 891 1285 921 enim
1302 890 1363 933 ipse
1377 900 1442 931 quae
1459 890 1530 922 ειῐιὲε
1547 887 1642 922 fuisset
1666 889 1811 923 facturus.

339 934 435 976 Qiod
457 938 545 968 etiam
572 935 754 980 prophetia,
779 936 827 968 vel
848 945 1033 979 quaecunque
1055 934 1210 977 praedistio
1234 935 1435 967 necessitatem
1457 937 1614 978 imponat,
1639 935 1678 967 est
1703 947 1809 970 contra

159 988 315 1027 Philafhfhm,
340 980 561 1024 Philosophum
578 983 676 1024 i.peri
692 981 858 1013 hermenias
872 980 925 1013 vlt.
943 980 980 1011 fic
998 980 1144 1013 dicentem
1164 991 1172 1013 ;
1199 980 1265 1012 Nee
1283 980 1341 1012 hoc
1357 978 1466 1019 differt,
1491 979 1509 1012 si
1527 981 1633 1023 aliquis
1649 981 1810 1015 dixeritne-

342 1030 506 1067 grinonem,
527 1027 573 1061 vel
588 1038 649 1059 non
665 1026 770 1059 dixerit
790 1041 800 1065 3
826 1025 1013 1058 manifestum
1031 1025 1071 1056 est
1089 1026 1169 1056 enim
1187 1025 1269 1069 quod
1286 1024 1321 1057 fic
1336 1025 1364 1057 sc
1379 1024 1468 1058 habet
1485 1037 1529 1058 res
1544 1040 1554 1064 ς
1571 1025 1618 1058 vel
1635 1025 1653 1058 si
1672 1025 1720 1058 hic
1736 1027 1807 1071 quid

341 1070 549 1110 affirmaucrit,
573 1072 621 1104 ille
638 1071 712 1104 vero
730 1074 881 1114 negaiicrit
899 1084 909 1109 ς
932 1082 994 1102 non
1012 1073 1091 1103 enim
1115 1082 1237 1113 propter
1256 1069 1404 1103 affirmare
1429 1072 1473 1103 vel
1493 1082 1598 1115 negare
1614 1074 1667 1104 erit
1683 1071 1729 1104 vel
1746 1084 1808 1105 non

160 1119 244 1157 tiloffs.
340 1118 402 1149 crit.
428 1119 486 1150 Cui
502 1119 531 1152 e&
547 1117 771 1150 concordanter
789 1114 890 1150 Gloffi
908 1117 991 1160 super
1005 1115 1076 1148 illud
1094 1115 1206 1149 March.
1218 1126 1227 1147 i
1239 1140 1246 1148 .
1271 1115 1343 1149 Hoc
1361 1127 1458 1149 autem
1476 1128 1572 1149 mium
1582 1117 1692 1150 factum
1709 1119 1759 1157 est,
1777 1128 1809 1150 vt

339 1162 552 1204 adimpleretur
569 1163 652 1207 quod
670 1163 782 1195 dictum
800 1163 839 1194 est
858 1164 873 1194 31
887 1162 1025 1195 Domino
1040 1173 1090 1204 per
1105 1161 1288 1205 Prophetam
1304 1162 1464 1198 dicentem,
1481 1163 1556 1194 Ecce
1570 1165 1658 1205 virgo
1675 1165 1704 1194 in
1722 1173 1808 1196 vrero

340 1207 475 1245 habebit,
491 1215 548 1241 &c.
571 1211 711 1241 recitante
729 1209 832 1241 Gloffa
850 1208 982 1240 Thomae
999 1207 1036 1238 sic
1054 1208 1106 1245 ait,
1123 1207 1219 1240 Potest
1235 1207 1290 1239 dici
1307 1207 1405 1251 quod,
1420 1208 1474 1244 Vt,
1491 1219 1552 1240 non
1569 1218 1699 1250 ponatur
1713 1208 1810 1241 causa—

340 1253 406 1286 liier
422 1268 429 1287 :
449 1266 510 1286 non
521 1257 599 1287 enim
609 1254 844 1296 ideoimpletum
855 1255 892 1286 est
903 1277 910 1291 ‚
927 1254 995 1295 quia
1010 1253 1183 1296 praedielum
1199 1251 1265 1288 fuit.
1289 1254 1336 1285 scd
1350 1254 1450 1295 potius
1467 1252 1535 1286 ideo
1554 1254 1729 1295 praedffilum
1740 1253 1808 1295 fuir,

342 1299 606 1342 quiaimplcndum
616 1311 688 1332 crat.
715 1300 848 1332 Ponatur
865 1308 962 1330 autem
979 1299 1181 1335 consecutiue,
1199 1297 1271 1331 sicut
1287 1297 1316 1331 ὅ(
1332 1300 1361 1330 in
1376 1298 1496 1335 Cenem
1511 1299 1669 1341 Suspendit
1685 1299 1808 1333 alterum
1830 1293 1859 1325 C

341 1346 371 1375 iii
390 1344 540 1387 patibulci‚
556 1356 589 1377 vt
606 1346 786 1378 comestoris
806 1344 913 1376 vetitas
933 1342 1122 1386 probaretur,
1146 1346 1213 1386 quia
1237 1354 1299 1375 vno
1324 1344 1477 1386 suspenso,
1504 1345 1683 1377 eonieftori's
1702 1355 1810 1379 veritas

342 1391 381 1421 est
397 1389 543 1434 piobiita3
561 1391 611 1423 Sic
629 1394 658 1425 ὃ(
673 1393 701 1422 in
717 1389 863 1422 hocloco
878 1388 1106 1431 intelligendum
1120 1389 1159 1421 est
1171 1413 1179 1427 ,
1195 1388 1277 1432 quod
1294 1389 1354 1420 hoc
1367 1389 1450 1421 fan
1466 1389 1549 1433 qnod
1566 1389 1735 1432 praedistum
1751 1392 1790 1423 est
1801 1416 1811 1430 ‚

340 1436 499 1478 prophetia
516 1436 640 1479 impleta
653 1437 692 1469 cst
706 1447 713 1469 3
749 1434 831 1479 quod
847 1445 942 1467 tamen
965 1434 1125 1466 secundum
1141 1434 1218 1467 hanc
1234 1434 1336 1465 seriem
1352 1436 1383 1466 in
1398 1434 1491 1478 glossa
1506 1435 1596 1467 veteri
1612 1445 1674 1467 non
1690 1437 1791 1468 inueni
1802 1461 1811 1475 ‚

341 1479 390 1515 sel
406 1481 442 1512 fic
459 1483 561 1513 inueni
577 1483 606 1513 iii
623 1493 657 1513 ca
671 1506 680 1519 ,
709 1481 873 1523 Prophetiti
890 1479 1005 1523 signum
1028 1480 1067 1511 est
1084 1478 1266 1521 praescientiae
1283 1481 1339 1512 Dei
1356 1505 1364 1518 ,
1379 1481 1459 1523 Qa
1475 1478 1556 1523 quod
1573 1478 1673 1520 dixit,
1695 1492 1810 1514 eertum

344 1529 360 1558 ii
377 1528 445 1558 Deo
462 1527 584 1568 praesciri
599 1551 606 1562 ‚
635 1533 667 1560 sc
684 1526 755 1559 ideo
770 1526 807 1559 ab
822 1526 946 1558 homine
968 1524 1057 1558 debet
1078 1527 1170 1558 teneri
1186 1549 1194 1560 ,
1227 1525 1343 1557 nullum
1367 1536 1466 1558 autem
1483 1525 1599 1569 signum
1620 1525 1700 1568 quod
1716 1526 1811 1571 desig-

346 1583 406 1610 nat,
431 1571 532 1610 efficit,
548 1572 598 1605 scd
615 1582 731 1605 tantum
750 1571 896 1615 significat
909 1570 994 1614 quod
1010 1570 1139 1603 ostendit
1155 1595 1164 1608 ,
1181 1570 1252 1602 sicut
1270 1569 1429 1614 prophetia
1445 1582 1507 1604 non
1524 1570 1726 1604 necessitatem
1742 1572 1812 1606 facit

343 1627 448 1649 eorum
464 1629 528 1661 quae
540 1616 732 1661 praedicit,led
741 1617 856 1660 signum
865 1618 905 1649 est
914 1614 1099 1660 praescieniiae
1108 1617 1163 1648 Dei
1182 1629 1190 1649 :
1207 1617 1244 1648 Et
1259 1614 1350 1654 infra,
1368 1617 1442 1649 Non
1450 1617 1490 1649 est
1500 1616 1655 1649 necessitas
1668 1628 1765 1650 rerum
1776 1630 1812 1652 ex

342 1662 700 1707 cloquioprophetamm,
719 1662 766 1696 scd
776 1663 835 1695 sola
845 1661 992 1696 exhibitio
1007 1662 1135 1695 veritatis
1151 1676 1162 1701 3
1191 1660 1349 1705 prophetia
1357 1673 1418 1694 non
1430 1660 1812 1696 sticitnecessitatemeorum

344 1719 408 1751 qiiae
425 1707 513 1747 dicit,
534 1707 581 1742 sed
601 1709 720 1752 signum
736 1708 776 1740 cst
796 1707 980 1752 praescientiae
997 1708 1066 1740 Dei.
1085 1707 1404 1751 Ampliusautem‚etfi
1413 1706 1480 1739 esset
1492 1719 1595 1740 verum
1604 1708 1688 1751 quod
1699 1708 1813 1746 dicunt,

343 1764 533 1797 nequaquam
544 1755 769 1797 perplexitatem
787 1753 876 1787 huius
891 1753 1041 1785 inuolucri
1055 1753 1207 1786 euolueret
1218 1776 1228 1793 ,
1237 1752 1284 1786 sed
1293 1753 1571 1796 magisinuoluerct,
1583 1753 1813 1797 acmultiplieiiis

343 1799 508 1842 implicaret
525 1812 533 1831 .·
558 1800 681 1833 Reuelet
696 1810 826 1844 namque
840 1800 925 1832 Deus
942 1798 1063 1831 Christo
1080 1799 1128 1830 vel
1144 1797 1284 1831 Michaeli
1300 1798 1336 1831 de
1350 1798 1456 1831 futuris
1464 1798 1606 1831 omnibus
1622 1823 1632 1838 ‚
1658 1799 1740 1841 quod
1750 1801 1814 1833 haec

343 1854 448 1882 erunt3
474 1854 543 1878 tunc
557 1845 718 1878 secundum
734 1842 917 1888 hyporhefin
933 1844 969 1877 de
984 1845 1151 1877 necessitate
1159 1845 1264 1876 omnia
1278 1845 1328 1876 ista
1344 1855 1439 1877 erunt.
1471 1842 1600 1876 Rursum
1610 1844 1810 1877 reueletDeus
1828 1842 1861 1875 D

344 1891 473 1932 cuipiam
486 1913 494 1926 ,
518 1890 564 1923 vel
580 1891 719 1932 praedicat
741 1891 825 1934 quod
841 1891 891 1923 iste
906 1889 1014 1923 Paulus
1034 1900 1132 1922 Viator
1147 1889 1237 1922 libere
1252 1894 1282 1921 εί
1302 1890 1513 1933 contingenter
1527 1888 1564 1921 ad
1583 1889 1755 1922 vtrumlibet
1770 1889 1812 1923 fa-

345 1935 401 1966 ciet
419 1934 499 1968 hunc
514 1935 542 1966 A
555 1937 655 1968 actum
668 1960 675 1973 ,
699 1936 802 1970 &hoc
819 1934 878 1967 sine
891 1934 988 1979 aliqua
1004 1935 1180 1968 conditione
1195 1937 1280 1968 tacita
1302 1935 1348 1966 vel
1365 1935 1493 1978 expressa
1512 1947 1519 1969 ;
1545 1934 1617 1967 Hoc
1634 1937 1745 1968 etenim
1761 1946 1815 1979 po-

343 1980 396 2011 test
414 1981 498 2012 Deus
514 1991 522 2013 ς
546 1979 582 2012 fic
597 1983 674 2014 enim
693 1980 743 2013 scit
754 1992 937 2025 quaecunque
954 1980 1047 2013 sutura
1063 2004 1072 2018 ‚
1092 1980 1175 2024 quod
1190 1985 1220 2015 δι
1234 1981 1327 2024 potesl
1341 1979 1455 2013 ostendi
1477 1991 1532 2024 per
1545 1981 1690 2024 praeniissa
1705 2005 1716 2019 ‚
1738 1992 1815 2026 qua-

341 2023 511 2068 dragesimo
527 2028 641 2058 oetauo
660 2033 690 2059 δε
706 2026 931 2069 quadragesimo
948 2028 1055 2069 quinto
1071 2025 1177 2064 liuius;
1200 2025 1307 2058 Paulus
1323 2037 1397 2069 ergo
1414 2026 1499 2058 faciet
1515 2026 1543 2057 A
1559 2025 1669 2064 libere,
1695 2027 1726 2061 ὅ(
1739 2037 1816 2059 con-

342 2074 491 2112 tingenter
506 2072 673 2115 :equ-aliter,
699 2073 765 2115 quia
775 2071 1075 2114 sicsuitpraedie‘tiimz
1100 2075 1130 2106 &
1146 2072 1233 2103 etiam
1250 2070 1411 2104 necessario
1426 2095 1436 2111 ‚
1461 2072 1528 2115 quia
1541 2070 1704 2104 secundum
1713 2070 1814 2116 hypo-

342 2116 439 2148 thesin
453 2118 557 2149 omnin
576 2117 701 2150 reuelata
722 2116 865 2151 diuinitus
878 2141 887 2155 ‚
913 2123 942 2149 «ἵε
961 2116 1101 2160 pi‘aedi'cila
1121 2115 1158 2148 de
1173 2118 1343 2150 necessitate
1359 2119 1506 2149 euenient.
1534 2115 1680 2149 Praedicat
1693 2128 1815 2161 quoque

342 2161 425 2193 Deus
435 2161 521 2193 alicui
537 2163 641 2194 merita
657 2163 685 2195 ot
696 2173 837 2206 peccata,
858 2161 1052 2194 saluationem
1069 2168 1100 2194 δε
1117 2161 1343 2194 damnationem
1359 2160 1449 2194 huius
1465 2161 1599 2202 &illius;
1625 2173 1695 2195 tunc
1710 2162 1760 2195 ista
1777 2162 1815 2195 de

342 2206 515 2238 necessitate
523 2209 675 2245 eiienient3
699 2205 1130 2252 Qareschuiushyporhesss
1142 2205 1286 2250 positores
1302 2206 1607 2246 habentconcedere,
1623 2207 1705 2251 quod
1714 2207 1814 2240 neces-

343 2249 545 2290 sitas‚libcrtas
554 2252 797 2286 contradita-ionis
813 2258 842 2284 δι
859 2254 1067 2295 contingentia
1080 2251 1118 2283 ad
1130 2252 1302 2285 Vtrumlibet
1320 2254 1455 2285 meritum
1466 2253 1494 2286 ὅ(
1503 2263 1658 2296 peccatum
1670 2254 1700 2287 ἃ
1711 2251 1813 2286 similia

342 2308 406 2328 non
416 2307 600 2339 repugnant,
625 2296 672 2329 sed
682 2297 1057 2330 amicabiliteradiniiicem
1069 2298 1215 2330 sociantur
1226 2321 1233 2334 ,
1258 2297 1340 2341 quod
1352 2308 1449 2331 tamen
1463 2299 1591 2330 omnino
1607 2300 1743 2340 satagunt
1756 2300 1816 2331 eui·

343 2353 415 2374 tare.
430 2341 542 2373 Adhuc
551 2353 652 2375 autem
662 2353 775 2375 errores
784 2343 932 2376 erroribus
941 2342 1123 2375 cumulando
1131 2341 1442 2385 respondentvlterius
1452 2342 1634 2376 affirmantes
1642 2345 1741 2376 Deum
1750 2355 1813 2376 non

343 2388 425 2431 posse
444 2385 597 2430 singularia
615 2388 765 2428 teuchite,
790 2390 920 2420 maxime
936 2390 964 2419 in
980 2389 1098 2420 materia
1116 2390 1316 2431 contingenti.
1360 2388 1476 2421 Verum
1490 2388 1528 2420 fic
1544 2389 1694 2428 dicendo,
1718 2392 1814 2422 omni«
1829 2389 1854 2421 Ε

341 2433 510 2475 potentiam
528 2433 584 2464 Dei
599 2433 771 2465 latissimam
786 2435 876 2466 nimis
889 2435 1043 2476 angustant
1061 2456 1070 2470 ,
1092 2434 1230 2465 mutilant
1245 2435 1275 2467 ὅ(
1290 2433 1486 2468 detruncant3
1509 2445 1559 2467 aut
1580 2433 1600 2466 fi
1615 2434 1674 2467 hoe
1688 2435 1816 2474 vellent,

343 2479 374 2511 ὅ(
392 2488 453 2508 non
471 2477 571 2510 valent
586 2502 597 2516 ‚
622 2477 694 2521 quid
711 2478 852 2522 prohibet
868 2480 967 2511 Deum
988 2479 1227 2521 omnipotentem
1243 2479 1340 2511 dicere
1355 2483 1385 2513 δι
1399 2477 1518 2512 asserere
1533 2479 1655 2523 aliquod
1673 2478 1815 2523 singulare

344 2523 540 2565 contingens,
563 2525 592 2557 ὃ(
605 2522 663 2555 hoc
679 2522 860 2566 singulariter
872 2549 880 2563 ,
896 2523 977 2567 quod
994 2530 1024 2556 δε
1042 2534 1073 2556 vr
1092 2525 1144 2556 scit
1160 2525 1338 2562 certissime,
1360 2524 1416 2555 csse
1434 2531 1557 2557 verum?
1585 2525 1656 2568 quid
1674 2524 1814 2568 prohibet

343 2569 443 2600 Deum
460 2567 626 2601 reuelarein
644 2579 769 2612 proprio
787 2580 894 2612 genere
910 2569 1051 2605 Christo,
1077 2569 1202 2608 Mariae,
1223 2569 1270 2601 vel
1286 2568 1425 2601 Michaeli
1442 2569 1565 2614 aliquod
1582 2570 1726 2614 singulare
1742 2581 1814 2603 con-

343 2614 480 2653 tingens,
509 2613 581 2644 ficut
597 2615 627 2647 ὅ(
643 2617 671 2645 in
687 2614 780 2646 verbo
804 2615 932 2647 rcuclaoe
977 2615 1060 2658 Qis
1082 2614 1188 2647 audent
1210 2614 1307 2647 dicere
1331 2613 1485 2648 Christum
1508 2627 1570 2648 non
1594 2614 1704 2648 nouisse
1720 2639 1728 2653 ‚
1760 2625 1814 2648 nec

342 2658 445 2689 Deum
464 2658 514 2690 sibi
532 2659 658 2690 reuelare
674 2661 704 2692 in
721 2663 842 2702 proprio
859 2670 966 2703 genere
988 2660 1114 2703 potuisse
1132 2684 1142 2697 ‚
1158 2671 1237 2703 quos
1252 2671 1302 2692 aut
1317 2671 1408 2703 quem
1426 2663 1506 2693 venit
1521 2661 1665 2693 redimere
1684 2683 1692 2696 ,
1717 2672 1749 2692 :ic
1769 2672 1815 2692 re-

343 2702 438 2734 demit
458 2727 468 2741 ,
486 2715 541 2747 pro
557 2703 665 2747 quibus
679 2716 729 2737 :iut
745 2717 806 2748 quo
824 2706 945 2743 orauit,
964 2710 993 2736 δι
1009 2705 1065 2736 alia
1087 2705 1181 2737 multa
1196 2704 1276 2737 fecit?
1318 2707 1397 2747 Qiis
1415 2705 1523 2739 audeat
1540 2706 1636 2738 dicere
1659 2705 1812 2738 Christum

343 2758 498 2790 iiunqiiztn
515 2750 638 2787 nouisse,
653 2760 705 2781 nee
724 2761 818 2782 vnum
835 2750 954 2792 quidem
971 2753 1121 2782 viatorum
1139 2748 1316 2782 saluandum
1339 2750 1384 2782 vcl
1402 2751 1608 2785 damnandum
1628 2776 1637 2790 ‚
1658 2750 1727 2782 cvfim
1741 2749 1816 2795 ipse-

159 2801 288 2833 Iclmna.
344 2803 407 2823 rnct
422 2793 500 2825 dicat
515 2819 525 2832 ‚
544 2794 612 2836 Ego
629 2796 688 2825 scio
706 2807 784 2838 quos
797 2796 949 2838 elegerim,
965 2794 1110 2828 Iohanni's
1120 2794 1238 2828 decimo
1249 2797 1354 2828 tertio?
1372 2799 1421 2840 qui
1437 2796 1637 2839 &specialiter
1651 2797 1747 2827 orauit
1758 2807 1816 2840 pro

342 2837 482 2874 Petrome
492 2838 627 2873 deficeret
635 2839 709 2873 fides
719 2838 848 2884 suast-uc
858 2842 991 2881 22.Quis
1000 2843 1087 2874 etiam
1100 2840 1221 2886 praesum
1228 2839 1624 2884 pseritnffitmareChri'slum
1632 2853 1694 2874 non
1705 2839 1818 2917 nouiss}

1730 2897 1794 2930 quo
