1985 3130
221 159 310 205 750
803 131 972 180 Thomae
991 126 1280 178 &Bradwardini
1625 128 1692 178 Li
1707 146 1750 177 Β.
1761 146 1798 194 3.

146 912 302 952 Augustinus.

149 954 162 991 Η
173 954 267 981 talibus

302 232 415 264 Tnnit.
423 240 452 264 4.
462 230 494 263 ὅ(
505 225 679 272 ς.οίὶεπάἰε,
695 223 781 268 quod
792 234 857 255 non
865 232 960 254 omne
970 245 979 259 ‚
993 219 1076 264 quod
1083 220 1188 252 dicitur
1195 218 1233 252 de
1240 219 1310 251 Deo
1319 242 1328 256 ,
1343 218 1494 253 diciturdc
1504 231 1540 254 eo
1548 218 1713 254 secundum
1723 222 1790 255 sub·
1801 227 1831 259 A

304 280 364 311 stan
371 266 452 314 tiam,
461 284 531 318 quia
539 271 677 316 quaedam
688 269 828 302 dicuntur
835 267 874 301 de
883 279 920 300 eo
930 265 1094 299 secundum
1104 266 1294 303 relationem,
1302 275 1334 297 vt
1344 275 1424 307 patet
1432 267 1461 298 in
1469 265 1605 309 personis
1613 267 1722 300 diuinis
1731 281 1741 301 :
1747 272 1792 301 m·-

307 323 348 355 hil
359 330 461 353 tamen
471 319 578 352 dicitur
587 317 626 349 de
633 326 670 348 eo
680 314 841 348 secundum
848 311 997 348 accidens,
1006 312 1075 355 quia
1083 321 1145 343 non
1154 307 1348 343 mutabiliter.
1374 310 1465 344 Vnde
1473 322 1539 356 cap·
1547 323 1577 354 4.
1588 312 1625 344 fic
1632 312 1716 353 dicit,
1733 316 1796 347 Ni-

308 368 351 401 hil
361 370 458 409 itaque
467 364 605 397 accidens
613 365 643 395 in
653 362 735 400 Deo,
742 370 815 403 quia
826 358 900 391 nihil
910 357 1053 391 mutabile
1061 367 1112 388 aut
1120 354 1291 392 amissibile,
1313 354 1387 388 nihil
1395 361 1425 387 in
1436 356 1644 390 eosecundum
1653 359 1795 393 accidens

309 408 621 454 dicitur-‚quianihilei
631 407 757 444 accidit3
775 414 936 438 nectamen
945 414 1039 436 omne
1054 401 1137 446 quod
1148 400 1256 434 dicitur
1266 425 1275 438 ‚
1288 399 1453 434 secundum
1467 399 1659 436 substantiam
1674 403 1794 440 dicum-3

311 462 340 491 in
351 457 436 491 rebus
447 465 544 489 autem
560 455 663 486 creatis
671 463 760 497 atque
768 449 960 483 mutabilibus
979 447 1058 492 quod
1068 458 1132 479 non
1143 446 1305 479 secundum
1318 444 1507 480 substantiam
1522 447 1647 486 dicitur.
1668 450 1752 484 reflat
1761 461 1795 483 vt

313 502 475 537 secundum
486 499 624 532 accidens
633 498 757 530 dicatur.
778 497 897 528 Omnia
905 499 984 528 enim
996 492 1136 526 accidunt
1146 494 1189 526 eis
1198 502 1266 536 quae
1274 492 1428 526 velamini
1438 491 1562 537 possunt
1570 494 1616 527 vel
1626 496 1732 529 minui,
1755 497 1794 530 Ε(

314 552 447 593 sequitur
454 547 543 589 capit.
557 557 569 587 5
577 569 583 575 .
593 545 626 576 ln
635 545 705 576 Deo
714 552 814 575 autem
823 540 896 574 nihil
906 540 1027 583 quidem
1039 538 1202 571 secundum
1210 537 1350 570 accidens
1360 537 1474 576 dicitur,
1489 540 1596 582 quiam
1604 550 1642 572 eo
1649 540 1720 573 nihil
1731 552 1798 574 rnu-

314 594 405 628 tabile
415 594 454 626 est
464 602 515 624 aut
522 588 680 622 amissibile
689 603 698 627 ς
708 599 762 621 nec
770 596 870 620 tamen
879 596 972 619 omne
981 583 1063 629 quod
1075 585 1163 617 Deus
1173 583 1293 620 dicitur,
1315 584 1475 617 secundum
1483 583 1673 618 substantiam
1682 585 1797 620 dicitur.

316 642 433 675 Dicitur
443 638 522 671 enim
533 635 570 667 ad
581 633 696 679 aliquid
706 656 715 669 ‚
735 634 807 665 sicut
823 642 903 677 pater
911 630 949 664 ad
959 631 1054 664 filium
1065 652 1074 666 ,
1097 630 1127 663 ἃ
1142 628 1220 662 filius
1233 628 1271 662 ad
1279 638 1393 672 patrem
1404 653 1413 667 ,
1425 629 1512 673 quod
1520 641 1583 663 non
1593 631 1633 663 est
1639 631 1795 667 accidens;

317 688 386 730 quia
396 691 427 718 sc
436 684 484 716 ille
493 685 552 714 sem
557 692 612 727 per
618 690 710 724 pater,
727 683 757 715 δι
770 678 820 710 ille
834 677 951 720 semper
959 676 1036 710 filius
1043 700 1053 714 ‚
1068 675 1144 710 &ita
1152 673 1277 718 semper,
1290 676 1359 718 quia
1368 675 1483 718 semper
1492 677 1622 709 natusest
1631 675 1719 714 filius,
1742 689 1800 710 nec

317 732 403 775 caepit
415 738 544 772 vnquam
559 726 616 759 effe
625 725 715 762 filins,
730 723 814 768 quod
825 722 845 754 fi
859 721 1025 767 aliquando
1031 721 1088 754 esse
1094 717 1221 762 caepiffet
1229 743 1240 758 ,
1252 719 1472 763 autaliquando
1482 720 1539 754 effe
1555 720 1697 756 desineret
1705 723 1797 763 filins,

319 775 481 810 secundum
491 771 629 805 accidens
640 770 805 808 diceretur;
814 768 845 802 ὃ(
854 770 923 812 quia
933 776 1016 811 pater
1026 777 1088 799 non
1098 766 1207 798 dicitur
1214 775 1299 809 patei·
1306 765 1404 799 nisiex
1411 777 1449 798 eo
1459 766 1542 810 quod
1550 767 1590 799 est
1599 768 1624 800 ei
1634 766 1755 807 filius‚&
1763 768 1799 801 fi.
1817 772 1841 806 B

319 823 377 855 lius
386 831 448 854 non
458 820 564 853 dicitur
573 817 650 851 filius
657 814 756 848 nisiex
763 825 800 846 eo
810 814 896 859 quod
906 812 995 845 habet
1001 822 1128 855 patrem,
1138 822 1202 843 non
1210 810 1372 843 secundum
1379 809 1567 845 substantiam
1577 813 1640 845 haec
1647 813 1800 855 dicuntur,

322 867 370 901 (ed
378 866 545 900 adinuicem
555 864 605 896 ista
614 863 766 896 dicuntur,
777 870 877 904 neque
884 868 1000 892 tantum
1007 855 1166 890 secundum
1173 855 1309 888 accidens
1321 880 1330 895 ,
1344 859 1412 901 quia
1419 857 1450 891 ὅ(
1459 857 1545 900 qnod
1555 858 1661 892 dicitur
1669 870 1762 903 pater,
1769 860 1801 894 &

324 912 408 957 quod
418 913 523 944 dicitur
532 908 610 942 silius
620 916 764 941 aeternum
774 916 863 950 atque
879 900 1129 937 incommutabile
1136 902 1176 934 est
1187 902 1239 933 eis.
1257 901 1294 934 Et
1306 901 1383 935 infra
1396 901 1526 935 eiusdem
1537 904 1590 937 vlt.
1605 915 1711 937 mouet
1724 916 1803 948 quae-

323 961 450 992 stlonem
458 956 495 989 de
503 952 694 988 ‘dationibus
701 950 714 978 ΙΙ
723 949 936 996 temporalibus
945 950 976 980 in
984 949 1084 981 Deum
1096 953 1127 980 8(
1136 956 1298 979 creaturam
1308 969 1317 983 ,
1332 946 1492 980 secundum
1507 960 1580 993 quas
1595 951 1803 993 temporaliter

147 995 210 1022 '¹1²⁵
219 993 313 1023 taliter.
324 1004 362 1037 ad
372 1004 501 1037 inuicem
509 999 689 1036 referuntur,
699 996 862 1042 quomodo
870 995 926 1029 illae
935 1004 997 1027 non
1006 992 1241 1026 suntaccidentia
1248 1016 1260 1032 ,
1280 993 1428 1037 qnoniam
1439 993 1511 1026 nihil
1527 994 1634 1028 accidit
1648 996 1718 1029 Deo
1730 1007 1804 1030 tem-

151 1372 164 1412 Η
174 1371 264 1402 sensile

152 1732 166 1771 Η
177 1731 277 1771 simpli-

152 1775 216 1803 citer

154 1915 300 1944 ndierroes.

323 1049 466 1094 poraliter
473 1047 540 1090 quia
552 1056 615 1078 non
624 1044 664 1076 est
673 1042 838 1075 mutabilis,
859 1043 895 1074 Et
903 1038 1063 1084 respondet
1071 1038 1155 1082 quod
1163 1037 1222 1070 hoc
1230 1037 1284 1077 est,
1293 1048 1354 1070 non
1364 1041 1435 1081 quia
1443 1038 1497 1083 ipsi
1511 1037 1677 1075 substantiae
1685 1043 1743 1074 Dei
1751 1043 1804 1075 ali-

324 1094 395 1140 quid
406 1091 608 1136 temporaliter
615 1088 742 1128 accidat,
755 1087 804 1120 sed
815 1087 856 1119 illi
863 1096 1001 1119 creaturae
1008 1084 1046 1117 ad
1057 1094 1147 1128 quam
1156 1083 1264 1116 dicitur
1271 1083 1393 1117 relatiue
1410 1094 1420 1118 ;
1435 1095 1526 1129 quare
1541 1084 1670 1120 finaliter
1684 1086 1804 1121 siccon-

323 1140 427 1179 cludit,
434 1138 516 1183 quod
526 1147 599 1179 crgo
608 1133 878 1178 temporaliterdici
885 1132 988 1174 incipit
998 1130 1097 1164 Deus,
1113 1128 1294 1177 quodantea
1300 1139 1362 1160 non
1371 1128 1524 1163 dicebatur
1533 1154 1542 1169 ,
1562 1133 1747 1166 manifestum
1761 1133 1805 1165 est

324 1186 446 1218 relatiue
456 1183 513 1215 dici
522 1193 585 1214 non
597 1179 757 1213 secundum
769 1178 906 1211 accidens
914 1177 983 1214 Dei,
990 1174 1073 1219 quod
1081 1177 1108 1207 ei
1118 1173 1231 1218 aliquid
1238 1172 1388 1213 acciderit,
1403 1174 1453 1209 sed
1462 1175 1549 1220 plane
1557 1174 1717 1211 stcundum
1726 1181 1804 1211 acci-

325 1231 400 1263 dens
410 1232 483 1268 eius,
496 1227 533 1260 ad
543 1225 625 1271 quod
633 1225 691 1257 dici
699 1224 813 1268 aliquid
822 1226 906 1257 Deus
913 1223 1028 1264 incipit,
1039 1221 1101 1264 ipse
1108 1230 1251 1256 mutatur,
1259 1219 1344 1252 Dens
1351 1230 1453 1253 autem
1467 1219 1541 1254 absit
1550 1232 1582 1253 vt
1590 1222 1721 1266 aliquem
1731 1233 1808 1256 tem-

324 1276 469 1323 poraliter
477 1273 593 1316 diligat,
602 1268 683 1315 quasi
692 1281 773 1302 noua
782 1270 944 1302 dilectione
958 1277 1025 1310 quae
1038 1267 1069 1298 in
1085 1266 1148 1309 ipso
1163 1275 1233 1298 ante
1240 1276 1305 1297 uon
1312 1275 1375 1298 erat
1384 1290 1395 1305 ,
1408 1266 1488 1310 apud
1499 1277 1589 1311 quem
1598 1278 1652 1300 nec
1658 1272 1805 1312 praeterfita

326 1320 513 1355 transierunt,
523 1323 552 1350 8(
562 1317 659 1351 futura
667 1319 727 1347 iam
738 1314 815 1348 facta
823 1313 902 1347 sunt.
921 1313 958 1346 Et
967 1322 1019 1356 per
1026 1311 1088 1344 hoc
1098 1321 1197 1344 totum
1205 1311 1303 1344 innuit
1310 1313 1428 1344 tertium
1436 1312 1565 1345 modum
1573 1324 1678 1346 eorum
1687 1325 1752 1357 quat
1762 1313 1803 1347 di·
1817 1311 1848 1345 C

324 1377 431 1400 cuntur
439 1365 476 1398 ad
483 1363 606 1408 aliquid,
616 1361 689 1394 ficut
697 1359 893 1394 mensurabile
900 1358 938 1391 ad
948 1368 1017 1390 men
1022 1359 1129 1397 suram,
1135 1354 1234 1389 scibile
1239 1353 1286 1388 seu
1294 1355 1400 1388 scitum
1408 1355 1445 1389 ad
1454 1357 1615 1398 scientiam,
1623 1363 1653 1390 δι
1663 1357 1807 1403 ''senstbile

325 1414 373 1446 scu
383 1411 529 1444 sensatum
539 1408 577 1442 ad
585 1406 710 1443 sensum,
718 1417 751 1440 vt
758 1406 847 1438 docet
857 1402 1056 1447 Philosophus
1068 1412 1093 1444 ς.
1102 1399 1267 1445 metaphys]
1276 1411 1328 1434 20.
1337 1401 1478 1446 quaeideo
1487 1404 1605 1436 relatiue
1612 1404 1763 1444 dicuntur,
1772 1415 1805 1438 vt

324 1468 389 1492 vtat
397 1456 498 1490 verbis
505 1454 661 1491 Auci-tois,
668 1462 731 1485 non
741 1454 813 1496 quia
822 1450 925 1484 relatio
934 1451 1012 1484 estin
1021 1445 1338 1492 substantiavtriusque
1345 1446 1562 1486 relatiui‚sedin
1571 1447 1729 1483 substantia
1736 1450 1806 1483 alte·

326 1506 386 1536 rius
395 1512 520 1541 tantum,
529 1506 558 1534 δι
568 1502 598 1532 ἰη
607 1498 702 1531 altero
711 1508 834 1542 propter
840 1495 932 1536 aliud,
940 1495 970 1529 id
979 1496 1020 1527 est
1026 1494 1162 1533 alterum,
1169 1502 1241 1538 puta
1249 1493 1354 1526 scitum
1362 1491 1411 1525 seu
1419 1493 1562 1527 sensatum
1570 1494 1695 1528 refertur
1710 1495 1746 1527 ad
1758 1496 1809 1529 sci-

326 1559 436 1582 entiam
446 1547 494 1580 seu
503 1546 704 1580 sensationem
713 1553 832 1576 tantum
841 1551 963 1586 propter
969 1540 1148 1575 relationem
1156 1540 1230 1572 alius
1237 1538 1352 1571 relatiui
1360 1537 1398 1571 ad
1407 1540 1517 1581 ipsum.
1525 1539 1611 1572 Nam
1622 1551 1715 1585 quum
1723 1543 1807 1585 quic.

327 1593 403 1640 quid
411 1592 498 1626 scitur
504 1594 624 1625 nouiter
632 1600 682 1623 aut
689 1587 825 1625 sentitur,
834 1586 909 1621 nihil
918 1596 1032 1620 nouum
1041 1585 1173 1619 causatur
1180 1586 1211 1617 in
1220 1594 1271 1624 eo,
1286 1583 1374 1617 sedin
1381 1584 1525 1618 sentiente
1533 1587 1751 1619 tantummodo
1759 1587 1807 1621 vel

327 1642 446 1679 (ciente,
453 1638 483 1673 ἃ
491 1648 542 1682 pet
550 1635 622 1670 illud
633 1633 730 1668 solum
737 1635 864 1668 refertur
873 1632 911 1666 ad
920 1631 998 1676 ipsos
1012 1644 1022 1664 :
1038 1643 1102 1665 non
1112 1631 1152 1663 est
1161 1641 1237 1675 ergo
1252 1629 1351 1674 aliqua
1359 1640 1442 1662 noua
1449 1630 1554 1663 relatio
1564 1631 1649 1665 realis
1659 1633 1736 1665 inter
1742 1632 1808 1665 De-

328 1696 380 1717 um
389 1685 419 1718 &
427 1685 622 1729 parentum,
631 1693 696 1725 quae
703 1678 797 1724 ipsum
806 1677 957 1712 necessitet
965 1678 1004 1711 ad
1013 1676 1192 1714 volendum,
1201 1686 1258 1709 nec
1265 1677 1352 1709 etiam
1360 1675 1460 1721 aliqua
1469 1687 1553 1708 noua
1559 1676 1663 1710 relatio
1670 1678 1806 1716 rationis,

329 1731 398 1775 quia
409 1731 509 1763 nonin
518 1731 598 1767 Deo,
606 1737 674 1758 cum
684 1728 815 1758 omnino
824 1721 1131 1767 nssmiliterintrinsece
1139 1721 1253 1766 semper
1263 1718 1292 1753 se
1299 1719 1421 1759 habeat.
1436 1733 1506 1765 quia
1512 1723 1595 1755 aliter
1601 1720 1670 1756 esset
1677 1722 1807 1756 mutabi-

330 1777 380 1815 lis,
390 1786 422 1808 vt
431 1774 628 1819 praecedentia
638 1772 815 1806 docuerunt,
829 1770 925 1803 necin
933 1767 1020 1802 rebus
1034 1765 1226 1813 praesentibus
1245 1780 1254 1800 z
1267 1777 1398 1811 ponatur
1414 1769 1495 1800 enim
1505 1768 1589 1811 quod
1603 1770 1689 1802 Deus
1702 1778 1804 1801 totum

329 1819 473 1855 annihilet
481 1817 651 1853 vniuersum
663 1830 671 1850 ε
682 1829 736 1851 nec
744 1818 775 1850 in
784 1814 872 1849 rebus
879 1816 1042 1858 paterinis,
1058 1824 1127 1846 cum
1135 1812 1211 1847 nihil
1218 1810 1274 1845 sint
1287 1822 1428 1852 omnino,
1444 1823 1499 1845 nec
1507 1814 1668 1858 quicquam
1674 1815 1804 1847 omnino
1813 1820 1847 1855 D

331 1866 364 1900 fit
371 1878 403 1899 in
410 1877 451 1899 eis
458 1866 593 1908 aliquaue
601 1863 719 1896 illarum
725 1886 732 1894 .
757 1862 831 1896 Item
839 1871 920 1894 tanta
928 1861 967 1893 est
975 1860 1080 1894 relatio
1087 1858 1179 1893 futuri
1187 1858 1225 1892 ad
1235 1857 1421 1891 voluntatem
1429 1857 1562 1892 diuinam
1572 1858 1645 1892 sicut
1654 1861 1806 1903 praeteriii,

331 1923 405 1955 ergo
414 1921 532 1943 tantum
542 1910 701 1942 necessitat.
719 1908 793 1942 Item
803 1906 958 1941 telati0,vt
966 1906 1037 1938 dicit
1046 1905 1196 1938 Auerroes
1203 1905 1287 1947 super
1297 1913 1343 1935 η.
1353 1902 1520 1948 metaphys.
1529 1915 1696 1939 comment.
1705 1915 1755 1938 20.
1764 1906 1805 1938 est

330 1957 483 1990 debilioris
494 1955 549 1989 esse
565 1955 631 1992 alijs
647 1953 894 1998 praedicamentis,
907 1950 957 1984 sed
964 1950 1020 1984 alia
1033 1951 1262 1995 praedicamenta
1271 1948 1406 1982 absoluta
1414 1960 1476 1982 non
1485 1950 1658 1984 necessitant
1666 1951 1807 1983 volunta·

333 2014 393 2036 tem
404 2002 551 2039 diuinam,
559 2010 592 2032 vt
600 2010 680 2043 patet
688 2010 792 2033 contra
799 1996 906 2042 respon
912 1996 1024 2030 fionem
1031 1997 1172 2040 priorem.
1198 1993 1276 2026 Item
1285 2005 1356 2027 tunc
1363 1995 1446 2026 Deus
1461 1996 1652 2028 necessitatur
1658 1996 1695 2029 ad
1705 1995 1808 2029 volen-

330 2048 405 2080 dum
417 2046 498 2080 illam
506 2046 696 2082 relationem,
706 2055 757 2077 aut
766 2055 840 2087 ergo
848 2053 899 2087 per
909 2040 1100 2086 seipsam,aut
1109 2051 1161 2084 per
1169 2040 1256 2073 aliam
1267 2049 1277 2073 ς
1291 2038 1311 2072 si
1323 2051 1374 2083 per
1383 2037 1504 2083 seipsam
1512 2064 1521 2078 ‚
1536 2040 1636 2074 eadem
1645 2043 1759 2075 ratione
1768 2040 1807 2073 sic

331 2089 598 2138 poffetnecessitari
608 2101 660 2133 per
667 2089 835 2123 absolutum
845 2087 883 2119 ad
891 2088 988 2130 ipsum
997 2086 1182 2126 volendum,
1200 2086 1330 2119 maxime
1346 2096 1415 2117 cum
1431 2084 1601 2119 absolutum
1618 2085 1652 2118 fit
1660 2086 1765 2120 melius
1773 2086 1806 2121 &

332 2140 429 2181 magis
437 2135 582 2177 volubile,
589 2136 745 2179 magisque
754 2136 904 2167 morinum
914 2133 1074 2166 voluntatis
1083 2146 1092 2164 :
1102 2130 1122 2164 si
1132 2142 1184 2175 per
1190 2130 1348 2170 aliam‚erit
1353 2129 1501 2174 processus
1509 2129 1663 2164 necessario
1672 2131 1731 2164 sine
1737 2131 1807 2166 fine.

334 2183 485 2216 Ponentes
493 2181 567 2215 vero
576 2181 694 2214 causam
704 2183 882 2225 priuatiuam
890 2190 927 2212 ex
936 2189 1018 2223 parte
1024 2177 1187 2214 relationis,
1204 2175 1305 2209 dicunt
1311 2177 1412 2209 Deum
1421 2187 1484 2208 non
1498 2175 1580 2219 posse
1595 2177 1671 2211 velle
1682 2178 1719 2210 de
1731 2188 1809 2220 quo-

332 2239 423 2273 quam
435 2226 569 2272 praesenti
576 2225 672 2269 ipsum
681 2235 742 2258 non
751 2225 819 2265 effe,
835 2235 889 2258 nec
898 2225 934 2257 de
943 2233 1099 2268 quoquam
1107 2223 1253 2266 praeterito
1261 2220 1357 2265 ipsum
1365 2231 1428 2253 non
1439 2222 1521 2254 fuisse
1529 2247 1539 2260 ,
1552 2224 1620 2267 quia
1628 2222 1688 2256 hoc
1697 2235 1758 2256 non
1767 2223 1808 2256 est

332 2273 475 2306 volubile.
498 2272 557 2305 Sed
566 2272 609 2305 issi
618 2283 682 2303 nou
691 2271 768 2305 ιτᾶὲ
776 2280 901 2314 tangunt
908 2269 1025 2302 causam
1033 2267 1183 2314 quaesitam
1192 2265 1331 2312 3quaefita
1339 2277 1468 2310 namque
1475 2270 1573 2311 primo
1582 2268 1809 2313 suitcausa,qua-

332 2330 364 2351 re
374 2317 486 2351 necesse
494 2319 533 2350 est
542 2319 640 2351 Deum
651 2316 726 2349 velle
734 2316 794 2349 hoc
801 2317 873 2352 effe,
881 2315 928 2348 vel
937 2314 998 2346 hoc
1006 2312 1100 2352 fuisse,
1110 2324 1173 2346 non
1181 2323 1273 2357 quare
1282 2323 1346 2344 non
1354 2314 1448 2355 potest
1457 2313 1532 2346 velle
1539 2315 1733 2347 contrarium.
1758 2314 1807 2346 Li-

333 2376 380 2396 cet
388 2366 470 2397 enim
482 2364 567 2395 Deus
577 2374 637 2395 non
647 2359 738 2405 posset
749 2362 824 2395 velle
833 2357 1130 2403 contrarium‚posset
1138 2367 1289 2395 tamen‚vt
1299 2356 1590 2398 videtui-,secundum
1598 2360 1680 2391 istam
1688 2361 1806 2404 respon-

334 2410 451 2442 sionem
462 2419 525 2440 non
534 2406 645 2440 habere
653 2407 714 2439 hoc
723 2407 808 2444 velle,
816 2405 888 2438 sicut
900 2406 999 2438 homo
1009 2406 1107 2449 potest
1115 2414 1177 2438 non
1186 2403 1261 2436 velle
1271 2401 1333 2434 hoc
1341 2402 1397 2436 esse
1407 2428 1417 2442 ‚
1439 2403 1505 2438 licet
1520 2414 1582 2437 non
1593 2406 1662 2438 velit
1676 2405 1733 2437 hoc
1744 2415 1805 2437 non
1818 2413 1842 2446 Ε

335 2453 399 2487 είῖὲ.
419 2455 493 2486 Item
506 2453 586 2486 nulla
593 2453 700 2486 relatio
709 2463 814 2491 creata,
823 2450 870 2485 seu
879 2451 1041 2485 extrinseca
1051 2449 1201 2483 necessitat
1209 2450 1307 2482 Deum
1315 2450 1353 2480 ad
1362 2449 1526 2481 volendum
1538 2474 1546 2486 ,
1567 2448 1638 2482 sicut
1653 2461 1754 2483 contra
1764 2461 1807 2482 re-

336 2499 528 2544 sponsionem
539 2500 708 2542 proximam
719 2498 759 2530 est
767 2499 1008 2539 ostensum3ergo
1019 2507 1074 2528 nec
1084 2495 1205 2528 alicuius
1217 2494 1282 2527 talis
1290 2494 1440 2528 relationis
1448 2496 1571 2538 priuatio
1580 2494 1729 2528 necessit-‘it
1737 2505 1807 2527 eum

335 2545 372 2578 ad
382 2556 443 2577 non
454 2543 672 2583 volendi'i,cum
682 2545 812 2587 priuatio
821 2543 884 2575 talis
894 2553 956 2576 non
968 2541 1000 2574 sit
1009 2542 1161 2585 potentior
1169 2542 1253 2584 super
1260 2540 1417 2573 voluntate
1423 2539 1602 2583 diuini‚qu5
1611 2539 1739 2573 habitus.
1766 2540 1808 2573 lte

335 2589 419 2621 causa
429 2599 520 2633 quare
528 2587 588 2621 hoc
597 2589 640 2620 αὖ
650 2590 706 2621 effe
714 2600 777 2621 non
787 2588 827 2622 cst
836 2599 891 2632 pro
903 2598 982 2621 nunc
988 2586 1129 2623 volubile,
1139 2587 1177 2619 est
1185 2586 1255 2630 quia
1265 2584 1323 2617 hoc
1329 2596 1408 2618 nunc
1416 2586 1469 2623 (Ως
1491 2596 1560 2617 uate
1568 2585 1598 2619 ὅ(
1607 2597 1661 2629 pro
1671 2597 1750 2618 nunc
1759 2596 1810 2618 ne-

335 2636 414 2667 cesse
424 2635 463 2667 cst
473 2634 533 2666 hoc
542 2632 603 2666 esse
615 2647 622 2665 ι
640 2634 702 2668 haec
710 2636 789 2667 enim
796 2632 975 2667 affirmatiua
991 2633 1031 2665 est
1039 2634 1122 2676 prior
1130 2632 1179 2664 ista
1188 2630 1363 2674 negatiua&
1370 2629 1456 2664 causa
1462 2597 1538 2662 illius
1548 2631 1660 2674 :aliqua
1667 2633 1746 2664 enim
1756 2641 1810 2662 ne·

335 2679 462 2712 cessario
472 2678 561 2712 debet
572 2677 676 2718 esse,vt
687 2681 824 2725 ¹3.primi
833 2679 931 2713 docet:
939 2679 1090 2711 existentia
1097 2687 1169 2721 crgo
1179 2675 1267 2709 huius
1275 2678 1314 2707 rei
1323 2676 1362 2707 est
1369 2674 1455 2709 causa
1463 2676 1617 2720 originalis
1624 2675 1810 2719 impossibili-

337 2726 401 2757 tatis
411 2726 477 2756 Dei'i
489 2724 590 2756 voledi
600 2724 658 2757 hoc
668 2737 749 2757 nunc
758 2726 799 2757 οὸ
810 2724 912 2761 csta&
921 2723 1097 2756 necessitatis
1106 2733 1168 2755 non
1178 2720 1216 2754 sic
1224 2720 1350 2754 volendi.
1364 2723 1465 2763 Qare
1473 2731 1519 2754 res
1526 2730 1607 2754 extra
1615 2722 1654 2753 est
1662 2718 1744 2754 causa
1754 2721 1810 2752 irn-

336 2767 537 2813 possibilitati's
544 2775 575 2801 δι
585 2773 764 2803 necessitatis
771 2772 800 2803 in
811 2770 946 2803 voli'itate
954 2767 1143 2803 diuinaAEcut
1150 2765 1301 2810 responsio
1312 2771 1340 2798 1²
1348 2765 1483 2800 dixitJte‘
1489 2765 1562 2799 eade
1572 2767 1685 2800 ratione
1692 2767 1811 2799 necesse

336 2813 375 2846 est
385 2815 453 2848 Dei'i
461 2826 542 2848 nunc
551 2815 625 2849 veile
633 2815 693 2850 hoc
700 2817 845 2861 essc‚quia
853 2815 915 2848 hoc
925 2815 968 2849 no
977 2816 1049 2853 esse,
1059 2814 1100 2846 ηὸ
1107 2814 1207 2860 potest
1215 2822 1295 2846 nunc
1302 2822 1363 2846 non
1370 2812 1431 2845 esse
1438 2810 1581 2852 volubile,
1588 2812 1618 2848 ὅ(
1625 2811 1685 2845 hoc
1692 2812 1732 2845 est
1742 2812 1811 2887 quia

1696 2867 1767 2890 nece
1782 2867 1812 2889 se
