1985 3130
141 161 191 212 C
209 180 234 207 Α
253 179 294 209 P·
322 172 398 221 27.
767 155 843 205 De
861 156 981 223 Catfiz
1002 158 1107 209 Dei.
1688 183 1791 229 707

141 263 172 295 A
200 256 238 290 fic
247 260 287 291 ait
304 272 315 296 ς
335 254 455 288 Praefixi
472 255 533 287 dies
544 253 663 297 singulis
671 252 832 287 abinterna
847 255 905 286 Dei
919 254 1115 298 praescientia,
1129 268 1184 290 nec
1198 260 1300 302 augeri
1311 256 1429 300 poffunt
1440 261 1611 297 necminui,
1630 260 1683 292 nisi

198 305 355 347 contingat
365 304 443 335 vrita
453 300 652 345 ptaesciantur,
669 310 702 330 vt
717 310 766 332 aut
783 310 853 331 cum
867 303 993 342 optimis
1002 302 1148 345 operibus
1158 303 1311 346 longiores
1322 302 1388 343 sint,
1405 317 1532 339 autcum
1546 308 1682 350 pessimis

198 349 352 381 breuiores
368 363 379 387 ς
396 347 467 380 licut
477 346 619 379 Ezechias
636 356 837 389 augmentum
846 345 961 378 dierum
979 350 1087 379 metuit
1102 350 1291 392 impeniione
1305 349 1538 394 lachrymarum.
1565 352 1625 384 Sed
1642 357 1681 384 ne

198 400 266 438 quis
273 394 375 428 credat
386 395 570 436 Gregorium
580 390 740 429 affirmare,
749 392 1036 435 praeordinationem
1047 393 1093 425 seu
1103 396 1318 438 praescientiam
1328 397 1386 428 Dei
1396 399 1413 429 a
1425 399 1528 431 suturis
1537 397 1680 440 operibus

197 441 377 485 dependere,
392 440 492 472 audiat
508 450 577 472 eum
589 441 673 481 supra
683 436 815 470 eiusdem
827 437 896 470 1.de
905 438 1015 471 eodem
1035 439 1164 472 Ezechia
1173 440 1336 480 dicentem,
1350 452 1402 485 per
1411 443 1596 486 Prophetam
1613 446 1679 476 Do<

197 487 383 521 minusdixit
395 485 688 530 quotcmporemori
704 485 765 526 ipse
783 483 966 522 merebatur,
984 496 1035 528 per
1050 485 1218 528 largitatem
1232 487 1309 520 vero
1326 489 1535 522 misericordiae
1550 491 1601 523 illo
1609 500 1677 522 eum

197 543 336 575 tempore
343 531 382 563 ad
393 541 522 563 mortem
530 530 652 567 distulit,
669 529 754 574 quod
768 539 838 561 ante
852 529 955 561 saecula
972 529 1031 574 ipse
1047 533 1201 574 praesciuit.
1227 533 1297 566 Nec
1305 533 1460 577 Propheta
1470 537 1562 579 igitur
1576 536 1677 571 fallax,

197 580 393 623 quiatempus
401 578 659 612 mortisinnotuit‚
675 586 740 620 quo
757 576 801 607 vir
817 575 866 607 ille
883 577 962 608 mori
980 577 1148 610 merebatur
1161 591 1172 617 ς
1187 589 1242 611 nec
1251 577 1263 623 ΙΙ
1273 578 1407 611 dominica
1422 582 1524 614 statuta
1533 582 1678 614 conuulsa
1698 586 1711 624 Η
1727 586 1815 615 diuma

195 626 274 663 sunt,
289 625 360 668 quia
372 634 449 656 vtex
458 623 591 666 largitate
600 624 656 655 Dei
669 622 736 654 anni
752 622 820 653 vitae
835 622 1010 657 crescerent,
1028 622 1090 654 hoc
1105 635 1229 668 quoque
1242 635 1313 658 ante
1327 623 1431 658 saecula
1447 626 1599 670 prefixum
1609 627 1679 666 suit,

195 670 415 713 atquespatium
424 670 492 701 vitae
502 668 748 712 quodinopinatc‘·
764 665 838 699 foris
854 668 895 699 est
910 667 1062 704 additum,
1081 669 1141 701 sine
1157 680 1325 713 augmento
1341 670 1525 714 praescientiae
1537 674 1680 707 fuitintus

195 717 350 749 statutum.
370 715 454 748 Idem
466 725 588 758 quoque
600 710 884 756 16.Moral.4.supet
893 713 968 746 illud
980 713 1092 747 10b22.
1113 717 1178 756 Qui
1188 716 1293 750 sublati
1304 715 1680 762 suntantetempussuum,

195 760 234 794 fic
242 764 282 794 ait
292 777 302 802 ς
318 763 531 805 Omnipotens
539 761 624 792 Deus
631 759 704 792 illud
714 769 833 803 tempus
842 759 1068 805 vniuscuiusque
1077 760 1114 794 ad
1125 772 1254 795 mortem
1262 764 1386 806 ptaelcit,
1405 774 1469 807 quo
1476 775 1538 796 eius
1549 767 1608 798 vita
1620 776 1679 798 ter-

140 801 166 834 Β
196 810 339 846 minatur,
353 809 446 840 necin
457 808 517 838 alio
529 816 665 849 tempore
675 806 830 850 quisquam
840 806 917 837 moti
926 817 1022 848 petuit
1035 807 1087 840 mii
1097 806 1162 851 ipso
1173 819 1236 852 quo
1246 810 1386 842 moritur.
1414 811 1499 842 Nam
1513 809 1531 842 si
1542 811 1678 844 Ezechiae

195 856 266 887 anni
281 854 374 886 additi
389 853 427 886 ad
448 855 540 885 vitam
551 852 725 895 quindecim
741 861 960 887 memorantur,
974 862 1094 897 tempus
1112 854 1237 897 quidem
1254 856 1321 888 vitae
1336 857 1428 889 creuit
1436 856 1535 888 abillo
1546 860 1677 890 termino

193 910 254 943 quo
264 900 411 943 moriipse
422 897 602 932 merebatur.
630 897 715 929 Nam
725 896 825 930 diuina
832 897 988 942 diipofitio
997 902 1057 931 eius
1066 910 1186 942 tempus
1197 911 1270 932 tunc
1278 903 1497 946 proesciuit,quo
1508 901 1591 936 hunc
1599 905 1678 947 post-

194 945 324 979 modum
332 956 368 978 ex
379 945 511 990 praesenti
521 946 580 976 vita
591 942 742 976 subtraxit.
766 943 848 976 Cum
857 954 931 987 ergo
940 948 980 977 ita
989 943 1033 982 fit,
1042 945 1115 989 quid
1123 946 1162 977 est
1173 947 1256 989 quod
1267 948 1382 984 dicitur,
1392 959 1459 991 quia
1468 950 1561 992 iniqui
1571 947 1677 981 sublati

194 1002 265 1024 ante
272 1000 391 1034 tempus
401 986 552 1029 suum‚nisi
564 989 647 1032 quod
657 999 764 1022 omnes
774 999 827 1032 qut
836 990 1009 1031 ptaelentcm
1021 993 1114 1023 vitam
1124 991 1251 1035 diligunt
1260 993 1401 1037 longiora
1411 993 1461 1026 sibi
1469 994 1599 1026 eiusdem
1609 998 1678 1028 vitaz

195 1041 291 1076 spacia
302 1041 483 1081 promittunt
502 1042 510 1065 ἒ
531 1035 588 1069 Sed
600 1036 670 1067 cum
680 1045 732 1066 eos
743 1045 826 1066 mors
836 1034 1046 1078 superueniens
1062 1040 1078 1070 a
1095 1037 1228 1081 praesenti
1241 1043 1301 1070 vita
1312 1038 1467 1079 lubtraliir,
1484 1050 1589 1073 corum
1610 1044 1678 1074 vitae

194 1083 301 1127 spatia,
319 1094 384 1126 quae
394 1082 445 1114 sibi
455 1083 593 1125 longiora
603 1081 682 1125 quasi
691 1091 719 1113 in
730 1082 918 1124 cogitatione
927 1082 1050 1114 tendere
1060 1084 1286 1120 consueuerant,
1301 1085 1461 1117 intercidit.
1487 1086 1568 1118 ldetn
1578 1085 1679 1119 adhuc

194 1129 272 1162 infra
282 1128 411 1160 eiusdem
427 1140 436 1160 i
448 1139 474 1171 5.
489 1127 517 1160 su
524 1138 574 1170 per
584 1126 657 1160 illud
672 1124 730 1159 Iob
742 1136 792 1166 23.
809 1128 941 1170 lupetius
951 1128 1128 1171 allegatum,
1148 1129 1257 1160 Nemo
1273 1140 1408 1162 auertere
1416 1133 1513 1172 potest
1521 1134 1681 1174 cogitatio-

194 1188 247 1208 nes
256 1179 331 1214 cius,
346 1173 384 1206 sic
395 1185 434 1206 ait
444 1189 454 1213 3
465 1176 510 1206 De
519 1175 603 1206 cuius
612 1183 684 1206 mox
695 1172 935 1206 immutabilitate
944 1175 1010 1217 apte
1020 1174 1219 1217 subiungitur,
1236 1176 1272 1207 Et
1283 1187 1375 1208 nemo
1383 1187 1514 1209 πυρὶ-τετε
1522 1180 1618 1219 potest
1628 1190 1680 1211 co-

194 1222 428 1265 gitationescius
443 1232 450 1252 2
465 1218 534 1252 licut
550 1219 628 1251 enim
639 1216 836 1250 immutabilis
851 1220 957 1251 natura
967 1221 1016 1254 cst.
1035 1222 1074 1253 ita
1085 1221 1278 1253 immutabilis
1289 1224 1477 1265 cogitatione
1496 1234 1503 1255 ·,
1519 1234 1682 1266 cogitatio·

194 1277 265 1299 nem
274 1268 390 1311 quippe
399 1267 459 1299 eius
468 1265 565 1298 nullus
575 1274 701 1300 auertet,
712 1265 780 1306 quia
790 1264 1017 1297 nemoresistere
1025 1266 1146 1298 occultis
1157 1267 1219 1298 eius
1229 1266 1345 1304 iudiciis
1353 1269 1504 1310 praeualer.
1532 1270 1615 1301 Nam
1630 1270 1680 1302 etsi

196 1310 463 1354 fueruntquidam,
471 1312 519 1354 qui
528 1310 800 1354 depraecationibus
809 1309 865 1342 suis
874 1312 938 1343 eius
947 1312 1165 1354 cogitationem
1176 1313 1313 1345 auertisse
1323 1313 1545 1350 viderentur‚it:i
1556 1313 1609 1347 fuit
1618 1316 1681 1346 cin:

139 1362 169 1394 C
196 1360 315 1390 interna
325 1358 484 1399 cogitatio,
499 1366 531 1388 vt
541 1358 716 1388 sententiam
725 1354 802 1387 illius
809 1366 943 1388 auertere
952 1356 1154 1399 depraecando
1162 1356 1334 1401 potuissent,
1342 1370 1377 1390 ac
1385 1359 1423 1392 ab
1433 1359 1495 1404 ipso
1503 1370 1683 1404 acceperunt

196 1403 280 1449 quod
291 1414 414 1446 agerent
422 1401 501 1446 apud
510 1403 616 1446 ipsum.
646 1403 738 1434 Dicat
747 1410 836 1443 crgo,
854 1403 884 1436 ὃ(
893 1413 985 1434 nemo
994 1414 1125 1436 auertere
1134 1405 1230 1446 potest
1237 1407 1460 1447 cogitationem
1469 1408 1544 1442 eius,
1559 1408 1630 1450 quia
1639 1407 1684 1437 se-

195 1449 255 1482 mel
263 1448 438 1482 fixaiudicia
454 1458 560 1480 mutari
579 1457 768 1491 nequaquam
780 1447 901 1489 poffunt
919 1461 926 1480 :
943 1448 1022 1481 vnde
1031 1447 1171 1492 scriptum
1188 1450 1240 1485 est,
1259 1450 1443 1494 Praeceptum
1454 1450 1560 1495 posuit,
1573 1457 1603 1487 &
1619 1464 1682 1485 non

195 1494 355 1540 praeteribit
366 1508 376 1532 ;
388 1498 419 1528 δι
428 1493 553 1530 tursum,
564 1494 691 1526 Coelnm
702 1499 733 1526 Sc
743 1502 819 1525 terra
828 1492 1003 1529 transibunt,
1021 1494 1109 1527 verba
1123 1506 1224 1527 autem
1236 1507 1301 1528 mea
1311 1507 1373 1528 non
1383 1497 1567 1530 transibunt:
1583 1499 1612 1531 ὅ(
1621 1509 1683 1529 rur-

195 1541 275 1579 sum,
293 1541 371 1572 Non
379 1541 461 1572 enim
471 1540 670 1582 cogitationes
679 1549 754 1571 meae
763 1537 836 1571 ficut
846 1541 1046 1582 cogitationes
1056 1540 1271 1585 vestra-,neque
1280 1543 1335 1574 viae
1344 1553 1418 1574 meae
1428 1541 1498 1575 sicut
1506 1546 1561 1574 viae
1570 1543 1628 1575 vesi
1634 1554 1683 1575 ιτ.

196 1587 282 1619 cum
290 1597 363 1630 ergo
372 1595 502 1618 cXtenuS
512 1589 621 1618 mutari
637 1584 754 1618 videtur
771 1584 926 1624 sententia,
941 1587 1062 1618 interius
1077 1587 1237 1619 consilium
1254 1598 1318 1619 non
1329 1595 1471 1627 mutatur,
1487 1589 1554 1630 quia
1563 1587 1601 1621 de
1609 1599 1683 1621 vna-

195 1642 316 1676 quaque
331 1643 362 1664 re
378 1630 691 1664 immutabilitcrintus
710 1630 914 1665 constituitur,
930 1631 1077 1675 quicquid
1092 1632 1163 1665 foris
1180 1632 1361 1667 mutabiliter
1372 1644 1478 1677 agitur.
1506 1634 1575 1666 Nee
1592 1633 1683 1667 debet

194 1689 372 1722 quenquam
385 1688 510 1710 mouere
517 1677 599 1721 quod
607 1677 838 1715 dicit‚Diu1nam
848 1678 1024 1710 sententiam
1035 1677 1310 1722 depraecationibus
1319 1680 1402 1723 polle
1409 1680 1500 1712 auerti
1513 1679 1590 1711 :hoe
1598 1682 1680 1712 enirn

195 1725 263 1757 satis
271 1726 456 1766 exponitur2
466 1733 494 1766 5.
504 1724 592 1766 primi
609 1724 663 1762 3&
675 1724 744 1766 quia
752 1721 800 1755 hic
815 1722 983 1766 dicitquod
994 1724 1054 1756 Dei
1062 1726 1216 1768 cogitatio,
1231 1724 1350 1762 iudicia,
1368 1725 1397 1758 ὅ(
1407 1723 1563 1758 confilium
1573 1727 1681 1758 mutati

195 1781 260 1802 non
270 1767 404 1813 possunt,
422 1768 531 1803 sicut&
540 1771 624 1811 (upra
634 1769 765 1800 eiusdem
774 1779 806 1812 4.
816 1770 901 1813 supet
910 1772 1099 1802 autoritatem
1108 1769 1165 1802 Iob
1176 1781 1228 1804 22.
1238 1767 1413 1813 praemiffiim
1425 1771 1608 1810 dicit,Deum
1619 1771 1675 1814 pler

194 1825 436 1861 tunquemutare
444 1813 632 1850 sententiam,
643 1813 803 1846 confilium
815 1825 915 1847 autern
926 1826 1094 1858 nunquam.
1124 1816 1311 1849 Hancetiam
1323 1818 1499 1849 sententiam
1513 1815 1680 1859 planissime

196 1861 318 1895 testatur
325 1860 459 1893 eiusdem
467 1860 612 1893 autoritas
622 1869 675 1900 27.
684 1860 796 1893 Moral.
808 1870 848 1890 22
874 1871 965 1904 quam
977 1870 1028 1905 30.
1039 1862 1158 1894 secundi
1169 1862 1284 1904 plenius
1294 1863 1443 1905 allegautt.
1467 1863 1552 1895 Istam
1563 1872 1683 1905 qaoque

143 1914 174 1948 D
196 1906 399 1940 necessitatem
407 1904 580 1938 futurorum
590 1904 750 1938 secundum
761 1905 858 1939 causas
868 1907 1045 1948 superiores,
1060 1918 1122 1939 non
1139 1907 1301 1940 secundum
1311 1910 1410 1940 causa-s
1420 1907 1575 1940 inferiores
1585 1909 1681 1940 ossen-

195 1950 408 1985 ditAnselmus
419 1953 467 1984 Dc
476 1950 701 1989 concordia,sub
710 1951 775 1988 aliis
784 1962 885 1984 tamen
894 1950 1002 1985 verbis.
1029 1952 1371 1986 Ostenditenimrfutura
1381 1963 1445 1984 vno
1456 1954 1554 1985 modo
1562 1955 1681 1985 euenire
1700 1965 1854 2002 mnsam&

194 2008 233 2030 ex
244 1998 423 2035 necessitate,
438 2001 468 2028 &
479 1996 537 2028 alio
547 1996 645 2028 modo
654 1996 834 2029 exlibertate
852 2011 862 2035 ;
879 1996 1059 2040 quiascilicct
1074 1997 1207 2042 respccsstu
1224 2000 1387 2032 voluntatis
1403 1999 1504 2041 ‹lining-
1521 1997 1679 2032 necessario

194 2045 344 2081 euenient‚
352 2044 483 2085 respectu
493 2040 567 2074 vero
576 2042 740 2075 voluntatis
748 2053 851 2075 creata:
861 2054 1054 2087 nequaquam
1073 2053 1081 2077 3
1095 2050 1126 2076 &
1137 2047 1204 2087 quia
1215 2045 1296 2088 apud
1306 2047 1421 2080 Deum,
1437 2051 1467 2078 ὃ(
1479 2047 1508 2075 in
1519 2053 1680 2077 :eternitate

194 2092 262 2121 sunt
270 2088 496 2121 immutabiliter
503 2088 676 2125 constituta,
689 2087 738 2118 sed
749 2088 831 2130 apud
841 2098 1015 2126 creaturam,
1027 2094 1057 2121 &
1068 2090 1097 2120 in
1108 2099 1245 2130 tempore
1253 2090 1436 2123 mutabiliter
1449 2090 1545 2122 :vnde
1555 2092 1679 2131 capim.

193 2136 288 2170 Sicut,
298 2135 404 2176 inquit,
413 2131 526 2166 necesse
534 2134 573 2165 est
580 2133 638 2165 esse
645 2134 785 2176 quicquid
794 2134 878 2165 Deus
888 2133 1006 2172 vult,ita
1015 2131 1071 2167 esse
1079 2135 1192 2166 necesse
1199 2135 1238 2166 est
1247 2136 1332 2178 quod
1342 2136 1403 2168 vult
1413 2135 1511 2167 homo
1521 2137 1550 2167 in
1558 2135 1605 2168 liis
1614 2147 1679 2177 (ωε

192 2181 278 2213 Deus
288 2181 327 2212 ita
336 2178 582 2211 subdithumanae
591 2179 753 2214 voluntati,
770 2189 802 2209 vt
814 2178 917 2215 fivult,
932 2178 1003 2211 fiant
1023 2193 1032 2217 ς
1050 2178 1068 2211 fi
1080 2191 1140 2212 non
1156 2181 1230 2218 vult,
1250 2193 1313 2212 non
1324 2181 1408 2214 fiant.
1425 2183 1587 2221 Quoniam
1595 2193 1678 2213 enim

193 2226 277 2269 quod
289 2224 451 2262 Deusvult,
468 2235 530 2257 non
541 2223 637 2268 potest
647 2235 709 2256 non
721 2222 789 2262 effe,
802 2224 872 2256 cum
882 2224 945 2257 vult
955 2223 1086 2258 hominis
1102 2225 1289 2259 voluntatem
1300 2228 1378 2259 nulla
1387 2229 1455 2270 cogi
1467 2227 1512 2259 vel
1524 2226 1678 2269 prohibiti

192 2270 367 2304 necestitate
374 2270 410 2303 ad
422 2270 589 2302 volendum
601 2270 647 2303 vel
657 2269 835 2308 nolendum,
851 2276 882 2303 δέ
893 2268 1106 2303 vulteffeetum
1118 2269 1199 2315 sequi
1211 2274 1415 2310 voluntatem,
1432 2282 1505 2304 tunc
1517 2271 1678 2304 nec-esseest

191 2318 379 2349 voluntatem
391 2316 446 2348 effe
455 2315 576 2348 liberam
585 2315 614 2349 ὃ(
623 2313 679 2348 esse
688 2315 771 2358 quod
781 2316 855 2348 vult.
884 2316 920 2347 Et
930 2313 1018 2350 infra,
1036 2318 1129 2360 Opus
1140 2318 1303 2351 voluntaris
1318 2320 1364 2351 cni
1375 2319 1479 2350 dmum
1489 2318 1539 2352 cst,
1554 2318 1677 2360 quuod

192 2362 257 2395 vult
266 2363 347 2400 fit‚&
355 2361 441 2406 quod
451 2372 512 2392 non
523 2360 585 2393 vult
596 2371 659 2392 non
671 2360 715 2399 fir,
730 2360 938 2393 voluntarium
948 2360 1008 2392 fiuc
1018 2361 1217 2404 spontaneum
1229 2365 1278 2399 est,
1290 2366 1435 2407 quoniam
1447 2363 1612 2406 spontanea
1623 2375 1677 2405 vn-

192 2407 306 2440 luntate
317 2407 361 2445 fit,
371 2409 402 2442 ὃ(
412 2405 550 2440 bifariam
560 2406 599 2438 est
611 2407 803 2438 necessarium
812 2408 878 2449 quia
887 2406 1046 2439 voluntate
1054 2409 1174 2451 cogitur
1184 2408 1260 2447 fieri,
1279 2410 1308 2445 ὃ(
1324 2409 1405 2451 quod
1414 2409 1446 2441 fit
1455 2421 1517 2440 non
1529 2409 1676 2451 potest-‘liu

137 2463 162 2495 E
193 2453 256 2485 mul
266 2465 329 2486 non
339 2452 413 2486 fieri.
425 2453 530 2493 Qui&
540 2452 614 2485 infra
625 2454 700 2492 3.ita
708 2451 790 2487 dicit,
801 2451 887 2484 Nihil
896 2452 1155 2496 prohibetaliquid
1167 2452 1229 2486 sciri
1238 2455 1284 2486 vel
1297 2455 1420 2497 praesciri
1432 2467 1447 2486 a
1458 2456 1563 2486 Deoin
1572 2455 1678 2487 noslris
1697 2458 1834 2494 Ansdmus.

192 2496 622 2542 uvoluntatibud&a8cionibus
636 2496 698 2530 lieri
714 2498 970 2530 autfuturumeflt
990 2498 1175 2539 perliberuni
1185 2498 1352 2535 arbitrium,
1370 2509 1400 2530 vt
1411 2502 1551 2543 quamuis
1562 2502 1677 2532 necess'e
1696 2498 1840 2544 lly0lutio‹

192 2543 380 2588 iiteffequod
391 2543 440 2575 scit
451 2543 498 2574 vel
508 2541 631 2586 ptaescit,
647 2543 739 2575 multa
750 2554 850 2575 tamen
862 2542 916 2576 sint
933 2543 1011 2575 nulla
1023 2544 1208 2582 necessitate,
1223 2544 1325 2588 supple
1341 2546 1444 2582 innita,
1461 2544 1507 2576 sed
1519 2545 1610 2578 libna
1620 2557 1661 2578 vo
1696 2548 1781 2566 ”¹0³2

186 2590 321 2623 ¹-luntate;
333 2588 524 2633 nempequid
533 2590 642 2621 mirum
653 2587 673 2620 si
681 2587 739 2621 hoc
750 2589 846 2621 modo
855 2588 965 2631 aliquid
976 2590 1027 2624 est.
1037 2600 1073 2620 ex
1082 2589 1216 2623 libertate
1226 2589 1332 2623 scilicet
1343 2601 1372 2623 re
1379 2591 1478 2632 specht
1489 2593 1588 2628 nosti-1,
1600 2593 1629 2625 ὃ(
1639 2603 1675 2624 ex

190 2636 370 2671 necessitate,
380 2633 486 2667 scilicet
494 2634 624 2676 respestu
633 2633 743 2666 diuinae
754 2632 942 2675 praescientiae
950 2634 1009 2667 siue
1018 2632 1227 2672 scientimct‘im
1237 2635 1292 2668 [int
1301 2647 1368 2680 quae
1380 2638 1525 2680 recipiunt
1535 2637 1676 2680 opposita

188 2681 304 2715 diuersa
312 2682 443 2719 ratione,
459 2678 664 2712 ficutidemite
673 2680 712 2711 cst
722 2679 802 2712 adire
819 2681 849 2714 ὅ(
864 2679 947 2712 abire
960 2679 1094 2723 respectu
1104 2681 1292 2714 diuersorum
1302 2683 1441 2715 locorum
1457 2688 1466 2711 ἒ
1487 2682 1522 2714 Et
1535 2681 1675 2726 sequitur,

191 2725 308 2759 sivero
317 2736 370 2769 per
379 2725 437 2758 hoc
444 2724 529 2769 quod
536 2724 573 2758 de
582 2723 786 2758 hominedicit
796 2723 853 2758 Iob
862 2727 942 2763 Deo,
960 2726 1145 2760 Constituisti
1156 2730 1302 2760 terminos
1312 2730 1376 2760 cius
1394 2732 1442 2767 qui
1454 2729 1600 2769 praete'rir?
1610 2740 1674 2759 non

187 2781 340 2815 poterunt,
353 2772 419 2803 vult
427 2771 532 2814 aliquis
541 2770 709 2808 ostendere,
726 2772 798 2815 quia
807 2771 904 2805 nullus
912 2781 1012 2815 petuit
1026 2772 1186 2807 accelerare
1201 2774 1248 2805 vel
1259 2772 1377 2806 differre
1386 2769 1465 2806 diem
1476 2785 1503 2804 in
1515 2785 1573 2817 qua
1584 2776 1662 2806 moi-i

188 2827 246 2854 tur,
262 2818 402 2859 quamuis
410 2815 573 2864 aliquando
583 2816 672 2849 nobis
684 2815 931 2861 videaturaliquis
941 2818 1035 2851 facere
1051 2829 1088 2850 ex
1098 2818 1188 2852 libera
1197 2820 1352 2852 voluntate
1361 2819 1442 2852 vnde
1451 2831 1593 2859 moritur,
1612 2830 1675 2851 nou

185 2863 227 2896 est
237 2863 322 2909 quod
329 2861 472 2902 obiicitur
479 2872 583 2895 contra
592 2861 653 2895 hoc
662 2862 746 2906 quod
753 2863 837 2906 supra
847 2863 992 2898 diximus.
1018 2865 1104 2898 Nam
1112 2867 1258 2909 quoniam
1268 2866 1350 2899 Deus
1360 2876 1421 2899 non
1429 2863 1550 2905 fallitur,
1567 2870 1675 2944 ntegr-

1647 2922 1675 2947 ct
