<?xml version="1.0" encoding="UTF-8"?>
<!DOCTYPE html PUBLIC "-//W3C//DTD XHTML 1.0 Transitional//EN"
    "http://www.w3.org/TR/xhtml1/DTD/xhtml1-transitional.dtd">
<html xmlns="http://www.w3.org/1999/xhtml" xml:lang="en" lang="en">
 <head>
  <title>
</title>
<meta http-equiv="Content-Type" content="text/html;charset=utf-8" />
  <meta name='ocr-system' content='tesseract 3.04.00' />
  <meta name='ocr-capabilities' content='ocr_page ocr_carea ocr_par ocr_line ocrx_word'/>
</head>
<body>
  <div class='ocr_page' id='page_1' title='image "./decausadeicontra00braduoft_0884.png"; bbox 0 0 1985 3130; ppageno 0'>
   <div class='ocr_carea' id='block_1_1' title="bbox 229 157 1863 233">
    <p class='ocr_par' dir='ltr' id='par_1_1' title="bbox 229 157 1863 233">
     <span class='ocr_line' id='line_1_1' title="bbox 229 157 1863 233; baseline 0.001 -23"><span class='ocrx_word' id='word_1_1' title='bbox 229 171 329 233; x_wconf 89' lang='lat'>844</span> <span class='ocrx_word' id='word_1_2' title='bbox 816 158 982 210; x_wconf 66' lang='lat' dir='ltr'><em>vaomae</em></span> <span class='ocrx_word' id='word_1_3' title='bbox 990 157 1272 211; x_wconf 67' lang='lat' dir='ltr'>Bradwardini</span> <span class='ocrx_word' id='word_1_4' title='bbox 1681 162 1754 212; x_wconf 91' lang='lat' dir='ltr'>Li</span> <span class='ocrx_word' id='word_1_5' title='bbox 1769 184 1810 214; x_wconf 82' lang='lat' dir='ltr'>B.</span> <span class='ocrx_word' id='word_1_6' title='bbox 1826 184 1863 229; x_wconf 79' lang='lat'>3.</span> 
     </span>
    </p>
   </div>
   <div class='ocr_carea' id='block_1_2' title="bbox 159 253 1863 2888">
    <p class='ocr_par' dir='ltr' id='par_1_2' title="bbox 332 253 1863 1031">
     <span class='ocr_line' id='line_1_2' title="bbox 332 253 1863 307; baseline -0.001 -13"><span class='ocrx_word' id='word_1_7' title='bbox 332 261 416 307; x_wconf 91' lang='lat' dir='ltr'>quod</span> <span class='ocrx_word' id='word_1_8' title='bbox 431 262 513 297; x_wconf 85' lang='lat' dir='ltr'>vult,</span> <span class='ocrx_word' id='word_1_9' title='bbox 532 259 618 303; x_wconf 92' lang='lat' dir='ltr'>quod</span> <span class='ocrx_word' id='word_1_10' title='bbox 633 257 737 291; x_wconf 73' lang='lat' dir='ltr'>fiilsum</span> <span class='ocrx_word' id='word_1_11' title='bbox 753 258 811 296; x_wconf 86' lang='lat' dir='ltr'>est,</span> <span class='ocrx_word' id='word_1_12' title='bbox 831 259 904 301; x_wconf 84' lang='lat' dir='ltr'>quia</span> <span class='ocrx_word' id='word_1_13' title='bbox 926 256 1052 299; x_wconf 81' lang='lat' dir='ltr'>potestas</span> <span class='ocrx_word' id='word_1_14' title='bbox 1073 255 1104 286; x_wconf 90' lang='lat' dir='ltr'>in</span> <span class='ocrx_word' id='word_1_15' title='bbox 1122 253 1279 288; x_wconf 86' lang='lat' dir='ltr'>voluntate</span> <span class='ocrx_word' id='word_1_16' title='bbox 1299 255 1358 288; x_wconf 82' lang='lat' dir='ltr'>Dei</span> <span class='ocrx_word' id='word_1_17' title='bbox 1374 256 1449 288; x_wconf 76' lang='lat' dir='ltr'>circa</span> <span class='ocrx_word' id='word_1_18' title='bbox 1466 256 1523 288; x_wconf 86' lang='lat' dir='ltr'>essc</span> <span class='ocrx_word' id='word_1_19' title='bbox 1536 257 1650 290; x_wconf 69' lang='lat' dir='ltr'>actuale</span> <span class='ocrx_word' id='word_1_20' title='bbox 1667 268 1808 294; x_wconf 81' lang='lat' dir='ltr'>creatura·</span> <span class='ocrx_word' id='word_1_21' title='bbox 1831 262 1863 292; x_wconf 87' lang='lat' dir='ltr'>A</span> 
     </span>
     <span class='ocr_line' id='line_1_3' title="bbox 333 299 1808 346; baseline -0.001 -7"><span class='ocrx_word' id='word_1_22' title='bbox 333 320 418 346; x_wconf 83' lang='lat' dir='ltr'>rum,</span> <span class='ocrx_word' id='word_1_23' title='bbox 441 318 472 340; x_wconf 86' lang='lat' dir='ltr'>vt</span> <span class='ocrx_word' id='word_1_24' title='bbox 487 307 602 339; x_wconf 61' lang='lat' dir='ltr'>dietum</span> <span class='ocrx_word' id='word_1_25' title='bbox 619 305 677 342; x_wconf 85' lang='lat' dir='ltr'>est,</span> <span class='ocrx_word' id='word_1_26' title='bbox 702 303 782 336; x_wconf 83' lang='lat' dir='ltr'>nulla</span> <span class='ocrx_word' id='word_1_27' title='bbox 803 303 843 335; x_wconf 87' lang='lat' dir='ltr'>cst</span> <span class='ocrx_word' id='word_1_28' title='bbox 867 303 1041 334; x_wconf 83' lang='lat' dir='ltr'>neceisitate</span> <span class='ocrx_word' id='word_1_29' title='bbox 1057 299 1272 337; x_wconf 83' lang='lat' dir='ltr'>determinata,</span> <span class='ocrx_word' id='word_1_30' title='bbox 1293 300 1360 333; x_wconf 68' lang='lat' dir='ltr'>im&amp;</span> <span class='ocrx_word' id='word_1_31' title='bbox 1377 311 1522 344; x_wconf 86' lang='lat' dir='ltr'>quantum</span> <span class='ocrx_word' id='word_1_32' title='bbox 1538 304 1578 334; x_wconf 88' lang='lat' dir='ltr'>est</span> <span class='ocrx_word' id='word_1_33' title='bbox 1593 303 1630 336; x_wconf 88' lang='lat' dir='ltr'>de</span> <span class='ocrx_word' id='word_1_34' title='bbox 1644 301 1690 340; x_wconf 84' lang='lat' dir='ltr'>sc,</span> <span class='ocrx_word' id='word_1_35' title='bbox 1714 304 1754 337; x_wconf 88' lang='lat' dir='ltr'>est</span> <span class='ocrx_word' id='word_1_36' title='bbox 1770 306 1808 338; x_wconf 80' lang='lat' dir='ltr'>ad</span> 
     </span>
     <span class='ocr_line' id='line_1_4' title="bbox 335 344 1808 391; baseline 0 -7"><span class='ocrx_word' id='word_1_37' title='bbox 335 351 551 387; x_wconf 84' lang='lat' dir='ltr'>vtrumlibetde</span> <span class='ocrx_word' id='word_1_38' title='bbox 562 350 695 384; x_wconf 88' lang='lat' dir='ltr'>volendo</span> <span class='ocrx_word' id='word_1_39' title='bbox 704 348 795 387; x_wconf 89' lang='lat' dir='ltr'>illud,</span> <span class='ocrx_word' id='word_1_40' title='bbox 817 347 847 381; x_wconf 73' lang='grc' dir='ltr'>ὃ(</span> <span class='ocrx_word' id='word_1_41' title='bbox 861 358 925 380; x_wconf 89' lang='lat' dir='ltr'>non</span> <span class='ocrx_word' id='word_1_42' title='bbox 939 345 1092 382; x_wconf 82' lang='lat' dir='ltr'>volendo,</span> <span class='ocrx_word' id='word_1_43' title='bbox 1115 344 1188 378; x_wconf 87' lang='lat' dir='ltr'>nihil</span> <span class='ocrx_word' id='word_1_44' title='bbox 1204 347 1405 379; x_wconf 88' lang='lat' dir='ltr'>connotando</span> <span class='ocrx_word' id='word_1_45' title='bbox 1420 346 1458 378; x_wconf 89' lang='lat' dir='ltr'>de</span> <span class='ocrx_word' id='word_1_46' title='bbox 1473 346 1664 391; x_wconf 81' lang='lat' dir='ltr'>possibilitate</span> <span class='ocrx_word' id='word_1_47' title='bbox 1681 351 1728 383; x_wconf 89' lang='lat' dir='ltr'>vel</span> <span class='ocrx_word' id='word_1_48' title='bbox 1743 361 1808 384; x_wconf 90' lang='lat' dir='ltr'>non</span> 
     </span>
     <span class='ocr_line' id='line_1_5' title="bbox 333 391 1809 442; baseline -0.001 -12"><span class='ocrx_word' id='word_1_49' title='bbox 333 397 526 442; x_wconf 80' lang='lat' dir='ltr'>possibilitate</span> <span class='ocrx_word' id='word_1_50' title='bbox 537 395 723 432; x_wconf 79' lang='lat' dir='ltr'>succedendi,</span> <span class='ocrx_word' id='word_1_51' title='bbox 742 395 818 426; x_wconf 82' lang='lat' dir='ltr'>eirca</span> <span class='ocrx_word' id='word_1_52' title='bbox 827 393 1012 425; x_wconf 85' lang='lat' dir='ltr'>voluntatem</span> <span class='ocrx_word' id='word_1_53' title='bbox 1022 393 1092 430; x_wconf 81' lang='lat' dir='ltr'>Dei,</span> <span class='ocrx_word' id='word_1_54' title='bbox 1108 393 1208 423; x_wconf 73' lang='lat' dir='ltr'>astum</span> <span class='ocrx_word' id='word_1_55' title='bbox 1220 391 1341 425; x_wconf 88' lang='lat' dir='ltr'>nolendi</span> <span class='ocrx_word' id='word_1_56' title='bbox 1351 394 1416 436; x_wconf 85' lang='lat' dir='ltr'>post</span> <span class='ocrx_word' id='word_1_57' title='bbox 1423 394 1524 425; x_wconf 70' lang='lat' dir='ltr'>astum</span> <span class='ocrx_word' id='word_1_58' title='bbox 1535 393 1667 432; x_wconf 88' lang='lat' dir='ltr'>volendi,</span> <span class='ocrx_word' id='word_1_59' title='bbox 1678 395 1725 428; x_wconf 89' lang='lat' dir='ltr'>sed</span> <span class='ocrx_word' id='word_1_60' title='bbox 1738 407 1809 439; x_wconf 80' lang='lat' dir='ltr'>prae-</span> 
     </span>
     <span class='ocr_line' id='line_1_6' title="bbox 335 436 1808 484; baseline -0.001 -9"><span class='ocrx_word' id='word_1_61' title='bbox 335 442 424 476; x_wconf 78' lang='lat' dir='ltr'>ci&#39;sam</span> <span class='ocrx_word' id='word_1_62' title='bbox 435 442 506 475; x_wconf 81' lang='lat' dir='ltr'>dicit</span> <span class='ocrx_word' id='word_1_63' title='bbox 521 441 744 484; x_wconf 73' lang='lat' dir='ltr'>possibilitatem</span> <span class='ocrx_word' id='word_1_64' title='bbox 762 438 799 472; x_wconf 86' lang='lat' dir='ltr'>ad</span> <span class='ocrx_word' id='word_1_65' title='bbox 817 449 997 483; x_wconf 79' lang='lat' dir='ltr'>Vtrumque,</span> <span class='ocrx_word' id='word_1_66' title='bbox 1014 447 1161 481; x_wconf 79' lang='lat' dir='ltr'>quantum</span> <span class='ocrx_word' id='word_1_67' title='bbox 1179 437 1217 468; x_wconf 86' lang='lat' dir='ltr'>est</span> <span class='ocrx_word' id='word_1_68' title='bbox 1235 436 1272 468; x_wconf 88' lang='lat' dir='ltr'>de</span> <span class='ocrx_word' id='word_1_69' title='bbox 1291 449 1390 470; x_wconf 84' lang='lat' dir='ltr'>natura</span> <span class='ocrx_word' id='word_1_70' title='bbox 1408 437 1515 471; x_wconf 69' lang='lat' dir='ltr'>diuinae</span> <span class='ocrx_word' id='word_1_71' title='bbox 1533 439 1692 472; x_wconf 76' lang='lat' dir='ltr'>voluntatis</span> <span class='ocrx_word' id='word_1_72' title='bbox 1710 443 1762 476; x_wconf 72' lang='lat'>3&amp;</span> <span class='ocrx_word' id='word_1_73' title='bbox 1778 444 1808 474; x_wconf 89' lang='lat' dir='ltr'>iri</span> 
     </span>
     <span class='ocr_line' id='line_1_7' title="bbox 334 481 1810 526; baseline -0.005 -6"><span class='ocrx_word' id='word_1_74' title='bbox 334 490 390 521; x_wconf 85' lang='lat' dir='ltr'>isto</span> <span class='ocrx_word' id='word_1_75' title='bbox 400 489 493 525; x_wconf 85' lang='lat' dir='ltr'>sensu,</span> <span class='ocrx_word' id='word_1_76' title='bbox 510 487 557 520; x_wconf 81' lang='lat' dir='ltr'>illa</span> <span class='ocrx_word' id='word_1_77' title='bbox 573 486 704 518; x_wconf 81' lang='lat' dir='ltr'>similiter</span> <span class='ocrx_word' id='word_1_78' title='bbox 721 486 760 517; x_wconf 86' lang='lat' dir='ltr'>est</span> <span class='ocrx_word' id='word_1_79' title='bbox 776 482 846 516; x_wconf 70' lang='lat' dir='ltr'>falsa</span> <span class='ocrx_word' id='word_1_80' title='bbox 860 486 892 516; x_wconf 87' lang='lat' dir='ltr'>in</span> <span class='ocrx_word' id='word_1_81' title='bbox 908 482 990 516; x_wconf 81' lang='lat' dir='ltr'>sensu</span> <span class='ocrx_word' id='word_1_82' title='bbox 1008 483 1102 515; x_wconf 78' lang='lat' dir='ltr'>diuiso</span> <span class='ocrx_word' id='word_1_83' title='bbox 1114 506 1122 519; x_wconf 85' lang='lat'><em>,</em></span> <span class='ocrx_word' id='word_1_84' title='bbox 1142 484 1219 514; x_wconf 89' lang='lat' dir='ltr'>Non</span> <span class='ocrx_word' id='word_1_85' title='bbox 1235 481 1386 515; x_wconf 85' lang='lat' dir='ltr'>sedentem</span> <span class='ocrx_word' id='word_1_86' title='bbox 1405 494 1467 515; x_wconf 88' lang='lat' dir='ltr'>non</span> <span class='ocrx_word' id='word_1_87' title='bbox 1483 483 1522 516; x_wconf 88' lang='lat' dir='ltr'>est</span> <span class='ocrx_word' id='word_1_88' title='bbox 1537 482 1675 526; x_wconf 74' lang='lat' dir='ltr'>possibile</span> <span class='ocrx_word' id='word_1_89' title='bbox 1691 499 1751 519; x_wconf 91' lang='lat' dir='ltr'>non</span> <span class='ocrx_word' id='word_1_90' title='bbox 1768 489 1810 518; x_wconf 68' lang='grc' dir='ltr'>[ς.</span> 
     </span>
     <span class='ocr_line' id='line_1_8' title="bbox 336 527 1812 575; baseline 0.001 -13"><span class='ocrx_word' id='word_1_91' title='bbox 336 533 407 566; x_wconf 83' lang='lat' dir='ltr'>dere</span> <span class='ocrx_word' id='word_1_92' title='bbox 425 546 433 567; x_wconf 83' lang='lat'>·‚</span> <span class='ocrx_word' id='word_1_93' title='bbox 449 545 501 566; x_wconf 85' lang='lat' dir='ltr'>nec</span> <span class='ocrx_word' id='word_1_94' title='bbox 512 534 596 575; x_wconf 86' lang='lat' dir='ltr'>ponit</span> <span class='ocrx_word' id='word_1_95' title='bbox 614 532 679 564; x_wconf 76' lang='lat' dir='ltr'>talis</span> <span class='ocrx_word' id='word_1_96' title='bbox 695 531 833 575; x_wconf 83' lang='lat' dir='ltr'>potentia</span> <span class='ocrx_word' id='word_1_97' title='bbox 847 530 978 573; x_wconf 82' lang='lat' dir='ltr'>aliquam</span> <span class='ocrx_word' id='word_1_98' title='bbox 996 527 1235 560; x_wconf 81' lang='lat' dir='ltr'>mutabilitatem.</span> <span class='ocrx_word' id='word_1_99' title='bbox 1262 529 1343 560; x_wconf 86' lang='lat' dir='ltr'>Sicut</span> <span class='ocrx_word' id='word_1_100' title='bbox 1359 530 1439 561; x_wconf 82' lang='lat' dir='ltr'>enim</span> <span class='ocrx_word' id='word_1_101' title='bbox 1454 529 1492 561; x_wconf 80' lang='lat' dir='ltr'>ad</span> <span class='ocrx_word' id='word_1_102' title='bbox 1508 530 1651 563; x_wconf 62' lang='lat' dir='ltr'>actualem</span> <span class='ocrx_word' id='word_1_103' title='bbox 1667 534 1812 566; x_wconf 79' lang='lat' dir='ltr'>mutatio-</span> 
     </span>
     <span class='ocr_line' id='line_1_9' title="bbox 336 573 1809 622; baseline 0.001 -13"><span class='ocrx_word' id='word_1_104' title='bbox 336 590 406 611; x_wconf 88' lang='lat' dir='ltr'>nem</span> <span class='ocrx_word' id='word_1_105' title='bbox 416 579 478 611; x_wconf 89' lang='lat' dir='ltr'>duo</span> <span class='ocrx_word' id='word_1_106' title='bbox 490 579 690 622; x_wconf 85' lang='lat' dir='ltr'>requiruntur,</span> <span class='ocrx_word' id='word_1_107' title='bbox 706 574 813 608; x_wconf 84' lang='lat' dir='ltr'>scilicet</span> <span class='ocrx_word' id='word_1_108' title='bbox 821 577 956 618; x_wconf 86' lang='lat' dir='ltr'>potentia</span> <span class='ocrx_word' id='word_1_109' title='bbox 964 573 1134 616; x_wconf 72' lang='lat' dir='ltr'>[impliciter</span> <span class='ocrx_word' id='word_1_110' title='bbox 1150 573 1187 606; x_wconf 84' lang='lat' dir='ltr'>ad</span> <span class='ocrx_word' id='word_1_111' title='bbox 1204 575 1387 605; x_wconf 87' lang='lat' dir='ltr'>contrarium</span> <span class='ocrx_word' id='word_1_112' title='bbox 1404 575 1466 606; x_wconf 79' lang='lat' dir='ltr'>eius</span> <span class='ocrx_word' id='word_1_113' title='bbox 1479 575 1567 617; x_wconf 86' lang='lat' dir='ltr'>quod</span> <span class='ocrx_word' id='word_1_114' title='bbox 1584 587 1665 608; x_wconf 89' lang='lat' dir='ltr'>nunc</span> <span class='ocrx_word' id='word_1_115' title='bbox 1679 579 1762 617; x_wconf 84' lang='lat' dir='ltr'>inest,</span> <span class='ocrx_word' id='word_1_116' title='bbox 1778 579 1809 614; x_wconf 74' lang='grc' dir='ltr'>ὃ(</span> 
     </span>
     <span class='ocr_line' id='line_1_10' title="bbox 337 617 1812 665; baseline -0.003 -11"><span class='ocrx_word' id='word_1_117' title='bbox 337 624 458 658; x_wconf 66' lang='lat' dir='ltr'>aemulis</span> <span class='ocrx_word' id='word_1_118' title='bbox 475 622 615 656; x_wconf 78' lang='lat' dir='ltr'><strong>successio</strong></span> <span class='ocrx_word' id='word_1_119' title='bbox 631 624 719 654; x_wconf 83' lang='lat' dir='ltr'>vnius</span> <span class='ocrx_word' id='word_1_120' title='bbox 727 631 831 654; x_wconf 83' lang='lat' dir='ltr'>eorum</span> <span class='ocrx_word' id='word_1_121' title='bbox 847 622 910 664; x_wconf 90' lang='lat' dir='ltr'>post</span> <span class='ocrx_word' id='word_1_122' title='bbox 925 621 1050 653; x_wconf 81' lang='lat' dir='ltr'>alterum</span> <span class='ocrx_word' id='word_1_123' title='bbox 1066 631 1077 657; x_wconf 77' lang='lat'>3</span> <span class='ocrx_word' id='word_1_124' title='bbox 1093 617 1130 650; x_wconf 81' lang='lat' dir='ltr'>[ic</span> <span class='ocrx_word' id='word_1_125' title='bbox 1146 618 1184 650; x_wconf 80' lang='lat' dir='ltr'>ad</span> <span class='ocrx_word' id='word_1_126' title='bbox 1201 618 1431 652; x_wconf 85' lang='lat' dir='ltr'>mutabilitatem</span> <span class='ocrx_word' id='word_1_127' title='bbox 1447 620 1509 653; x_wconf 91' lang='lat' dir='ltr'>duo</span> <span class='ocrx_word' id='word_1_128' title='bbox 1523 631 1724 665; x_wconf 85' lang='lat' dir='ltr'>requiruntur,</span> <span class='ocrx_word' id='word_1_129' title='bbox 1739 623 1812 656; x_wconf 63' lang='lat' dir='ltr'>icili-</span> 
     </span>
     <span class='ocr_line' id='line_1_11' title="bbox 336 664 1809 714; baseline -0.001 -13"><span class='ocrx_word' id='word_1_130' title='bbox 336 681 382 703; x_wconf 88' lang='lat' dir='ltr'>cet</span> <span class='ocrx_word' id='word_1_131' title='bbox 392 671 526 714; x_wconf 86' lang='lat' dir='ltr'>potentia</span> <span class='ocrx_word' id='word_1_132' title='bbox 536 669 625 704; x_wconf 65' lang='lat' dir='ltr'>dieta,</span> <span class='ocrx_word' id='word_1_133' title='bbox 641 667 670 701; x_wconf 75' lang='grc' dir='ltr'>ὃ(</span> <span class='ocrx_word' id='word_1_134' title='bbox 681 668 814 710; x_wconf 82' lang='lat' dir='ltr'>potentia</span> <span class='ocrx_word' id='word_1_135' title='bbox 822 666 861 698; x_wconf 79' lang='lat' dir='ltr'>ad</span> <span class='ocrx_word' id='word_1_136' title='bbox 869 666 1013 700; x_wconf 59' lang='lat' dir='ltr'>actualem</span> <span class='ocrx_word' id='word_1_137' title='bbox 1023 664 1251 702; x_wconf 81' lang='lat' dir='ltr'>successionem,</span> <span class='ocrx_word' id='word_1_138' title='bbox 1268 675 1297 696; x_wconf 90' lang='lat' dir='ltr'>vt</span> <span class='ocrx_word' id='word_1_139' title='bbox 1307 665 1454 698; x_wconf 80' lang='lat' dir='ltr'>scilicetea</span> <span class='ocrx_word' id='word_1_140' title='bbox 1468 670 1614 708; x_wconf 82' lang='lat' dir='ltr'>potentia,</span> <span class='ocrx_word' id='word_1_141' title='bbox 1628 678 1686 711; x_wconf 87' lang='lat' dir='ltr'>qua</span> <span class='ocrx_word' id='word_1_142' title='bbox 1699 668 1809 713; x_wconf 85' lang='lat' dir='ltr'>aliquid</span> 
     </span>
     <span class='ocr_line' id='line_1_12' title="bbox 335 709 1811 759; baseline 0.001 -12"><span class='ocrx_word' id='word_1_143' title='bbox 335 717 376 748; x_wconf 83' lang='lat' dir='ltr'>est</span> <span class='ocrx_word' id='word_1_144' title='bbox 393 716 430 747; x_wconf 89' lang='lat' dir='ltr'>ad</span> <span class='ocrx_word' id='word_1_145' title='bbox 449 713 638 750; x_wconf 83' lang='lat' dir='ltr'>vtrumlibct,</span> <span class='ocrx_word' id='word_1_146' title='bbox 662 713 695 744; x_wconf 87' lang='lat' dir='ltr'>sit</span> <span class='ocrx_word' id='word_1_147' title='bbox 710 714 847 755; x_wconf 84' lang='lat' dir='ltr'>potentia</span> <span class='ocrx_word' id='word_1_148' title='bbox 865 711 902 743; x_wconf 81' lang='lat' dir='ltr'>ad</span> <span class='ocrx_word' id='word_1_149' title='bbox 920 709 1135 743; x_wconf 70' lang='lat' dir='ltr'>successionem</span> <span class='ocrx_word' id='word_1_150' title='bbox 1154 712 1240 741; x_wconf 79' lang='lat' dir='ltr'>vnius</span> <span class='ocrx_word' id='word_1_151' title='bbox 1262 711 1326 752; x_wconf 79' lang='lat' dir='ltr'>posl</span> <span class='ocrx_word' id='word_1_152' title='bbox 1349 711 1472 744; x_wconf 84' lang='lat' dir='ltr'>alterum</span> <span class='ocrx_word' id='word_1_153' title='bbox 1484 735 1493 750; x_wconf 91' lang='lat'>‚</span> <span class='ocrx_word' id='word_1_154' title='bbox 1517 712 1600 755; x_wconf 89' lang='lat' dir='ltr'>quod</span> <span class='ocrx_word' id='word_1_155' title='bbox 1615 715 1811 759; x_wconf 57' lang='lat' dir='ltr'>circagvolun-</span> 
     </span>
     <span class='ocr_line' id='line_1_13' title="bbox 337 755 1809 805; baseline 0 -13"><span class='ocrx_word' id='word_1_156' title='bbox 337 771 426 794; x_wconf 83' lang='lat' dir='ltr'>tarem</span> <span class='ocrx_word' id='word_1_157' title='bbox 437 761 497 793; x_wconf 86' lang='lat' dir='ltr'>Dei</span> <span class='ocrx_word' id='word_1_158' title='bbox 506 760 587 794; x_wconf 85' lang='lat' dir='ltr'>nullo</span> <span class='ocrx_word' id='word_1_159' title='bbox 598 758 694 791; x_wconf 91' lang='lat' dir='ltr'>modo</span> <span class='ocrx_word' id='word_1_160' title='bbox 703 759 800 800; x_wconf 87' lang='lat' dir='ltr'>potest</span> <span class='ocrx_word' id='word_1_161' title='bbox 810 761 996 800; x_wconf 85' lang='lat' dir='ltr'>contingere,</span> <span class='ocrx_word' id='word_1_162' title='bbox 1012 766 1101 800; x_wconf 85' lang='lat' dir='ltr'>quare</span> <span class='ocrx_word' id='word_1_163' title='bbox 1110 766 1207 799; x_wconf 83' lang='lat' dir='ltr'>neque</span> <span class='ocrx_word' id='word_1_164' title='bbox 1218 755 1404 795; x_wconf 78' lang='lat' dir='ltr'>mutabilitas,</span> <span class='ocrx_word' id='word_1_165' title='bbox 1420 756 1523 790; x_wconf 71' lang='lat' dir='ltr'>licetiii</span> <span class='ocrx_word' id='word_1_166' title='bbox 1538 757 1640 803; x_wconf 88' lang='lat' dir='ltr'>aliquo</span> <span class='ocrx_word' id='word_1_167' title='bbox 1648 760 1728 792; x_wconf 85' lang='lat' dir='ltr'>sensu</span> <span class='ocrx_word' id='word_1_168' title='bbox 1741 759 1809 805; x_wconf 65' lang='lat' dir='ltr'>poll</span> 
     </span>
     <span class='ocr_line' id='line_1_14' title="bbox 338 794 1845 853; baseline -0.001 -15"><span class='ocrx_word' id='word_1_169' title='bbox 338 806 442 839; x_wconf 88' lang='lat' dir='ltr'>fitnon</span> <span class='ocrx_word' id='word_1_170' title='bbox 459 806 534 838; x_wconf 87' lang='lat' dir='ltr'>velle</span> <span class='ocrx_word' id='word_1_171' title='bbox 548 805 632 848; x_wconf 87' lang='lat' dir='ltr'>quod</span> <span class='ocrx_word' id='word_1_172' title='bbox 647 804 722 838; x_wconf 85' lang='lat' dir='ltr'>vult,</span> <span class='ocrx_word' id='word_1_173' title='bbox 740 810 769 836; x_wconf 71' lang='grc' dir='ltr'>δε</span> <span class='ocrx_word' id='word_1_174' title='bbox 786 802 856 834; x_wconf 86' lang='lat' dir='ltr'>ideo</span> <span class='ocrx_word' id='word_1_175' title='bbox 871 802 941 835; x_wconf 86' lang='lat' dir='ltr'>illud</span> <span class='ocrx_word' id='word_1_176' title='bbox 959 801 1041 834; x_wconf 87' lang='lat' dir='ltr'>nullo</span> <span class='ocrx_word' id='word_1_177' title='bbox 1060 801 1158 832; x_wconf 91' lang='lat' dir='ltr'>modo</span> <span class='ocrx_word' id='word_1_178' title='bbox 1175 801 1211 832; x_wconf 84' lang='lat' dir='ltr'>de</span> <span class='ocrx_word' id='word_1_179' title='bbox 1229 802 1397 834; x_wconf 83' lang='lat' dir='ltr'>necessitate</span> <span class='ocrx_word' id='word_1_180' title='bbox 1406 802 1486 834; x_wconf 88' lang='lat' dir='ltr'>velit.</span> <span class='ocrx_word' id='word_1_181' title='bbox 1512 803 1602 836; x_wconf 88' lang='lat' dir='ltr'>Vnde</span> <span class='ocrx_word' id='word_1_182' title='bbox 1618 803 1655 836; x_wconf 93' lang='lat' dir='ltr'>de</span> <span class='ocrx_word' id='word_1_183' title='bbox 1669 816 1707 837; x_wconf 88' lang='lat' dir='ltr'>eo</span> <span class='ocrx_word' id='word_1_184' title='bbox 1722 806 1810 853; x_wconf 87' lang='lat' dir='ltr'>quod</span> <span class='ocrx_word' id='word_1_185' title='bbox 1824 794 1845 828; x_wconf 80' lang='grc' dir='ltr'><strong>Β</strong></span> 
     </span>
     <span class='ocr_line' id='line_1_15' title="bbox 338 844 1811 894; baseline -0.001 -11"><span class='ocrx_word' id='word_1_186' title='bbox 338 850 453 894; x_wconf 80' lang='lat' dir='ltr'>semper</span> <span class='ocrx_word' id='word_1_187' title='bbox 467 851 565 883; x_wconf 88' lang='lat' dir='ltr'>voluit</span> <span class='ocrx_word' id='word_1_188' title='bbox 580 851 618 882; x_wconf 84' lang='lat' dir='ltr'>ab</span> <span class='ocrx_word' id='word_1_189' title='bbox 633 860 745 882; x_wconf 68' lang='lat' dir='ltr'>aeterno</span> <span class='ocrx_word' id='word_1_190' title='bbox 762 850 791 883; x_wconf 75' lang='grc' dir='ltr'>ὅ(</span> <span class='ocrx_word' id='word_1_191' title='bbox 809 849 893 886; x_wconf 88' lang='lat' dir='ltr'>vult,</span> <span class='ocrx_word' id='word_1_192' title='bbox 917 853 946 879; x_wconf 78' lang='grc'>8(</span> <span class='ocrx_word' id='word_1_193' title='bbox 964 848 1045 880; x_wconf 86' lang='lat' dir='ltr'>volet</span> <span class='ocrx_word' id='word_1_194' title='bbox 1060 871 1070 886; x_wconf 89' lang='lat'>,</span> <span class='ocrx_word' id='word_1_195' title='bbox 1093 845 1179 879; x_wconf 82' lang='lat' dir='ltr'>fimui</span> <span class='ocrx_word' id='word_1_196' title='bbox 1203 844 1240 877; x_wconf 88' lang='lat' dir='ltr'>ab</span> <span class='ocrx_word' id='word_1_197' title='bbox 1257 857 1369 879; x_wconf 71' lang='lat' dir='ltr'>xterno</span> <span class='ocrx_word' id='word_1_198' title='bbox 1387 847 1507 886; x_wconf 81' lang='lat' dir='ltr'>habuit,</span> <span class='ocrx_word' id='word_1_199' title='bbox 1528 854 1559 881; x_wconf 78' lang='grc' dir='ltr'>δ(</span> <span class='ocrx_word' id='word_1_200' title='bbox 1573 847 1682 889; x_wconf 78' lang='lat' dir='ltr'>haber,</span> <span class='ocrx_word' id='word_1_201' title='bbox 1710 851 1741 885; x_wconf 69' lang='grc' dir='ltr'>ὅ(</span> <span class='ocrx_word' id='word_1_202' title='bbox 1757 850 1811 885; x_wconf 83' lang='lat' dir='ltr'>ha-</span> 
     </span>
     <span class='ocr_line' id='line_1_16' title="bbox 338 892 1809 940; baseline 0.001 -12"><span class='ocrx_word' id='word_1_203' title='bbox 338 896 421 928; x_wconf 86' lang='lat' dir='ltr'>bebit</span> <span class='ocrx_word' id='word_1_204' title='bbox 444 898 618 940; x_wconf 81' lang='lat' dir='ltr'>potestatem</span> <span class='ocrx_word' id='word_1_205' title='bbox 643 894 681 926; x_wconf 86' lang='lat' dir='ltr'>de</span> <span class='ocrx_word' id='word_1_206' title='bbox 702 905 763 927; x_wconf 89' lang='lat' dir='ltr'>non</span> <span class='ocrx_word' id='word_1_207' title='bbox 788 893 939 932; x_wconf 88' lang='lat' dir='ltr'>volendo,</span> <span class='ocrx_word' id='word_1_208' title='bbox 962 899 991 926; x_wconf 76' lang='lat' dir='ltr'>Sc</span> <span class='ocrx_word' id='word_1_209' title='bbox 1017 903 1114 936; x_wconf 86' lang='lat' dir='ltr'>potuit</span> <span class='ocrx_word' id='word_1_210' title='bbox 1137 892 1174 924; x_wconf 85' lang='lat' dir='ltr'>ab</span> <span class='ocrx_word' id='word_1_211' title='bbox 1191 902 1303 924; x_wconf 76' lang='lat' dir='ltr'>aeterno</span> <span class='ocrx_word' id='word_1_212' title='bbox 1326 903 1387 925; x_wconf 91' lang='lat' dir='ltr'>non</span> <span class='ocrx_word' id='word_1_213' title='bbox 1410 892 1534 925; x_wconf 74' lang='lat' dir='ltr'>voluisse</span> <span class='ocrx_word' id='word_1_214' title='bbox 1555 894 1602 927; x_wconf 88' lang='lat' dir='ltr'>vel</span> <span class='ocrx_word' id='word_1_215' title='bbox 1623 895 1749 930; x_wconf 79' lang='lat' dir='ltr'>noluisse</span> <span class='ocrx_word' id='word_1_216' title='bbox 1771 895 1809 930; x_wconf 84' lang='lat' dir='ltr'>ab</span> 
     </span>
     <span class='ocr_line' id='line_1_17' title="bbox 338 938 1810 984; baseline 0.001 -10"><span class='ocrx_word' id='word_1_217' title='bbox 338 953 468 979; x_wconf 65' lang='lat' dir='ltr'>interno,</span> <span class='ocrx_word' id='word_1_218' title='bbox 492 942 523 975; x_wconf 75' lang='grc' dir='ltr'>ὃ(</span> <span class='ocrx_word' id='word_1_219' title='bbox 538 943 633 984; x_wconf 84' lang='lat' dir='ltr'>potest</span> <span class='ocrx_word' id='word_1_220' title='bbox 648 950 729 972; x_wconf 88' lang='lat' dir='ltr'>nunc</span> <span class='ocrx_word' id='word_1_221' title='bbox 745 950 807 972; x_wconf 88' lang='lat' dir='ltr'>non</span> <span class='ocrx_word' id='word_1_222' title='bbox 825 939 917 976; x_wconf 87' lang='lat' dir='ltr'>velle,</span> <span class='ocrx_word' id='word_1_223' title='bbox 940 938 970 970; x_wconf 70' lang='grc' dir='ltr'>ὅ(</span> <span class='ocrx_word' id='word_1_224' title='bbox 989 940 1096 981; x_wconf 87' lang='lat' dir='ltr'>poterit</span> <span class='ocrx_word' id='word_1_225' title='bbox 1119 939 1148 971; x_wconf 90' lang='lat' dir='ltr'>in</span> <span class='ocrx_word' id='word_1_226' title='bbox 1172 948 1315 971; x_wconf 82' lang='lat' dir='ltr'>aetcrnum</span> <span class='ocrx_word' id='word_1_227' title='bbox 1330 949 1393 971; x_wconf 89' lang='lat' dir='ltr'>non</span> <span class='ocrx_word' id='word_1_228' title='bbox 1410 939 1502 978; x_wconf 85' lang='lat' dir='ltr'>velle,</span> <span class='ocrx_word' id='word_1_229' title='bbox 1526 940 1573 973; x_wconf 80' lang='lat' dir='ltr'>vel</span> <span class='ocrx_word' id='word_1_230' title='bbox 1595 952 1659 974; x_wconf 84' lang='lat' dir='ltr'>non</span> <span class='ocrx_word' id='word_1_231' title='bbox 1681 942 1756 974; x_wconf 86' lang='lat' dir='ltr'>velle</span> <span class='ocrx_word' id='word_1_232' title='bbox 1778 945 1810 976; x_wconf 87' lang='lat' dir='ltr'>in</span> 
     </span>
     <span class='ocr_line' id='line_1_18' title="bbox 337 982 1091 1031; baseline -0.005 -11"><span class='ocrx_word' id='word_1_233' title='bbox 337 999 492 1025; x_wconf 83' lang='lat' dir='ltr'>aeteriium,</span> <span class='ocrx_word' id='word_1_234' title='bbox 507 994 537 1020; x_wconf 69' lang='lat'>3&lt;</span> <span class='ocrx_word' id='word_1_235' title='bbox 547 986 608 1019; x_wconf 87' lang='lat' dir='ltr'>hoc</span> <span class='ocrx_word' id='word_1_236' title='bbox 617 982 727 1031; x_wconf 81' lang='lat' dir='ltr'>absque</span> <span class='ocrx_word' id='word_1_237' title='bbox 735 986 822 1017; x_wconf 88' lang='lat' dir='ltr'>omni</span> <span class='ocrx_word' id='word_1_238' title='bbox 833 983 874 1016; x_wconf 92' lang='lat' dir='ltr'>sui</span> <span class='ocrx_word' id='word_1_239' title='bbox 885 984 1091 1016; x_wconf 80' lang='lat' dir='ltr'>mutabilitate.</span> 
     </span>
    </p>

    <p class='ocr_par' dir='ltr' id='par_1_3' title="bbox 336 1027 1811 1256">
     <span class='ocr_line' id='line_1_19' title="bbox 377 1027 1808 1075; baseline 0.001 -11"><span class='ocrx_word' id='word_1_240' title='bbox 377 1034 434 1066; x_wconf 86' lang='lat' dir='ltr'>Pro</span> <span class='ocrx_word' id='word_1_241' title='bbox 445 1032 626 1065; x_wconf 87' lang='lat' dir='ltr'>duodecima</span> <span class='ocrx_word' id='word_1_242' title='bbox 635 1032 761 1064; x_wconf 83' lang='lat' dir='ltr'>veritate</span> <span class='ocrx_word' id='word_1_243' title='bbox 771 1029 920 1063; x_wconf 83' lang='lat' dir='ltr'>sciendum</span> <span class='ocrx_word' id='word_1_244' title='bbox 931 1029 1014 1073; x_wconf 76' lang='lat' dir='ltr'>quod</span> <span class='ocrx_word' id='word_1_245' title='bbox 1025 1030 1158 1071; x_wconf 80' lang='lat' dir='ltr'>potentia</span> <span class='ocrx_word' id='word_1_246' title='bbox 1167 1027 1319 1062; x_wconf 70' lang='lat' dir='ltr'>astuabilis</span> <span class='ocrx_word' id='word_1_247' title='bbox 1327 1029 1384 1062; x_wconf 86' lang='lat' dir='ltr'>dici</span> <span class='ocrx_word' id='word_1_248' title='bbox 1399 1032 1492 1073; x_wconf 78' lang='lat' dir='ltr'>potest</span> <span class='ocrx_word' id='word_1_249' title='bbox 1504 1042 1564 1063; x_wconf 91' lang='lat' dir='ltr'>non</span> <span class='ocrx_word' id='word_1_250' title='bbox 1575 1030 1621 1065; x_wconf 86' lang='lat' dir='ltr'>illa</span> <span class='ocrx_word' id='word_1_251' title='bbox 1630 1034 1746 1075; x_wconf 82' lang='lat' dir='ltr'>penitus</span> <span class='ocrx_word' id='word_1_252' title='bbox 1756 1032 1808 1067; x_wconf 82' lang='lat' dir='ltr'>ab·</span> 
     </span>
     <span class='ocr_line' id='line_1_20' title="bbox 337 1074 1810 1121; baseline 0.001 -11"><span class='ocrx_word' id='word_1_253' title='bbox 337 1079 443 1114; x_wconf 81' lang='lat' dir='ltr'>soluta,</span> <span class='ocrx_word' id='word_1_254' title='bbox 462 1085 491 1111; x_wconf 74' lang='grc' dir='ltr'>ὃ(</span> <span class='ocrx_word' id='word_1_255' title='bbox 501 1089 562 1111; x_wconf 90' lang='lat' dir='ltr'>non</span> <span class='ocrx_word' id='word_1_256' title='bbox 573 1076 775 1120; x_wconf 66' lang='lat' dir='ltr'>repugnantiae</span> <span class='ocrx_word' id='word_1_257' title='bbox 792 1075 957 1118; x_wconf 62' lang='lat' dir='ltr'>supradic‘la</span> <span class='ocrx_word' id='word_1_258' title='bbox 969 1100 976 1111; x_wconf 96' lang='lat'><em>,</em></span> <span class='ocrx_word' id='word_1_259' title='bbox 994 1075 1039 1108; x_wconf 83' lang='lat' dir='ltr'>led</span> <span class='ocrx_word' id='word_1_260' title='bbox 1049 1075 1097 1106; x_wconf 76' lang='lat' dir='ltr'>illa</span> <span class='ocrx_word' id='word_1_261' title='bbox 1107 1098 1116 1113; x_wconf 94' lang='lat'><em>‚</em></span> <span class='ocrx_word' id='word_1_262' title='bbox 1133 1086 1197 1118; x_wconf 80' lang='lat' dir='ltr'>quae</span> <span class='ocrx_word' id='word_1_263' title='bbox 1205 1074 1240 1107; x_wconf 85' lang='lat' dir='ltr'>ad</span> <span class='ocrx_word' id='word_1_264' title='bbox 1250 1086 1444 1108; x_wconf 87' lang='lat' dir='ltr'>communem</span> <span class='ocrx_word' id='word_1_265' title='bbox 1454 1076 1579 1109; x_wconf 86' lang='lat' dir='ltr'>modum</span> <span class='ocrx_word' id='word_1_266' title='bbox 1589 1078 1810 1121; x_wconf 81' lang='lat' dir='ltr'>intelligendi&amp;</span> 
     </span>
     <span class='ocr_line' id='line_1_21' title="bbox 336 1120 1810 1167; baseline 0.001 -11"><span class='ocrx_word' id='word_1_267' title='bbox 336 1123 482 1167; x_wconf 81' lang='lat' dir='ltr'>loquendi</span> <span class='ocrx_word' id='word_1_268' title='bbox 491 1123 596 1155; x_wconf 87' lang='lat' dir='ltr'>dicitur</span> <span class='ocrx_word' id='word_1_269' title='bbox 607 1122 688 1166; x_wconf 83' lang='lat' dir='ltr'>poffe</span> <span class='ocrx_word' id='word_1_270' title='bbox 695 1123 777 1153; x_wconf 78' lang='lat' dir='ltr'>exire</span> <span class='ocrx_word' id='word_1_271' title='bbox 786 1123 814 1154; x_wconf 92' lang='lat' dir='ltr'>in</span> <span class='ocrx_word' id='word_1_272' title='bbox 825 1124 923 1155; x_wconf 66' lang='lat' dir='ltr'>astum</span> <span class='ocrx_word' id='word_1_273' title='bbox 932 1145 941 1160; x_wconf 87' lang='lat'>‚</span> <span class='ocrx_word' id='word_1_274' title='bbox 957 1122 1018 1164; x_wconf 67' lang='lat' dir='ltr'>qua</span> <span class='ocrx_word' id='word_1_275' title='bbox 1028 1121 1135 1153; x_wconf 85' lang='lat' dir='ltr'>dicitur</span> <span class='ocrx_word' id='word_1_276' title='bbox 1143 1121 1179 1154; x_wconf 86' lang='lat' dir='ltr'>dc</span> <span class='ocrx_word' id='word_1_277' title='bbox 1189 1120 1316 1159; x_wconf 76' lang='lat' dir='ltr'>sedente,</span> <span class='ocrx_word' id='word_1_278' title='bbox 1333 1120 1419 1164; x_wconf 75' lang='lat' dir='ltr'>quod</span> <span class='ocrx_word' id='word_1_279' title='bbox 1428 1122 1520 1166; x_wconf 83' lang='lat' dir='ltr'>potest</span> <span class='ocrx_word' id='word_1_280' title='bbox 1528 1124 1610 1159; x_wconf 79' lang='lat' dir='ltr'>stare,</span> <span class='ocrx_word' id='word_1_281' title='bbox 1625 1123 1662 1156; x_wconf 94' lang='lat' dir='ltr'>dc</span> <span class='ocrx_word' id='word_1_282' title='bbox 1671 1125 1810 1157; x_wconf 80' lang='lat' dir='ltr'>existente</span> 
     </span>
     <span class='ocr_line' id='line_1_22' title="bbox 338 1165 1811 1212; baseline 0 -10"><span class='ocrx_word' id='word_1_283' title='bbox 338 1170 486 1208; x_wconf 78' lang='lat' dir='ltr'>Londini‚</span> <span class='ocrx_word' id='word_1_284' title='bbox 504 1169 587 1212; x_wconf 71' lang='lat' dir='ltr'>quod</span> <span class='ocrx_word' id='word_1_285' title='bbox 596 1168 688 1211; x_wconf 87' lang='lat' dir='ltr'>potest</span> <span class='ocrx_word' id='word_1_286' title='bbox 698 1167 754 1199; x_wconf 80' lang='lat' dir='ltr'>effe</span> <span class='ocrx_word' id='word_1_287' title='bbox 767 1167 887 1204; x_wconf 58' lang='lat' dir='ltr'>Romae,</span> <span class='ocrx_word' id='word_1_288' title='bbox 903 1166 931 1200; x_wconf 73' lang='grc' dir='ltr'>ὅ(</span> <span class='ocrx_word' id='word_1_289' title='bbox 944 1165 1058 1199; x_wconf 83' lang='lat' dir='ltr'>similia.</span> <span class='ocrx_word' id='word_1_290' title='bbox 1083 1168 1107 1197; x_wconf 61' lang='lat'>1:</span> <span class='ocrx_word' id='word_1_291' title='bbox 1115 1176 1155 1197; x_wconf 77' lang='lat' dir='ltr'>:ec</span> <span class='ocrx_word' id='word_1_292' title='bbox 1164 1177 1262 1199; x_wconf 80' lang='lat' dir='ltr'>autem</span> <span class='ocrx_word' id='word_1_293' title='bbox 1274 1166 1709 1202; x_wconf 66' lang='lat' dir='ltr'>duodecimataliterintellceta</span> <span class='ocrx_word' id='word_1_294' title='bbox 1717 1173 1811 1204; x_wconf 76' lang='lat' dir='ltr'>exrri-</span> 
     </span>
     <span class='ocr_line' id='line_1_23' title="bbox 337 1213 1063 1256; baseline -0.006 -9"><span class='ocrx_word' id='word_1_295' title='bbox 337 1215 447 1247; x_wconf 87' lang='lat' dir='ltr'>cesimo</span> <span class='ocrx_word' id='word_1_296' title='bbox 457 1213 587 1248; x_wconf 85' lang='lat' dir='ltr'>secundo</span> <span class='ocrx_word' id='word_1_297' title='bbox 597 1214 690 1246; x_wconf 78' lang='lat' dir='ltr'>liuius</span> <span class='ocrx_word' id='word_1_298' title='bbox 700 1214 893 1256; x_wconf 79' lang='lat' dir='ltr'>cognoscitur</span> <span class='ocrx_word' id='word_1_299' title='bbox 901 1213 1063 1244; x_wconf 80' lang='lat' dir='ltr'>euidenter.</span> 
     </span>
    </p>

    <p class='ocr_par' dir='ltr' id='par_1_4' title="bbox 336 1255 1854 2021">
     <span class='ocr_line' id='line_1_24' title="bbox 375 1255 1812 1301; baseline 0.001 -9"><span class='ocrx_word' id='word_1_300' title='bbox 375 1261 480 1292; x_wconf 85' lang='lat' dir='ltr'>Tertia</span> <span class='ocrx_word' id='word_1_301' title='bbox 489 1261 604 1293; x_wconf 82' lang='lat' dir='ltr'>decima</span> <span class='ocrx_word' id='word_1_302' title='bbox 613 1261 722 1292; x_wconf 83' lang='lat' dir='ltr'>veritas</span> <span class='ocrx_word' id='word_1_303' title='bbox 730 1269 765 1291; x_wconf 87' lang='lat' dir='ltr'>ex</span> <span class='ocrx_word' id='word_1_304' title='bbox 774 1259 853 1301; x_wconf 72' lang='lat' dir='ltr'>prius</span> <span class='ocrx_word' id='word_1_305' title='bbox 863 1256 984 1290; x_wconf 80' lang='lat' dir='ltr'>ostensis</span> <span class='ocrx_word' id='word_1_306' title='bbox 994 1257 1047 1288; x_wconf 83' lang='lat' dir='ltr'>isto</span> <span class='ocrx_word' id='word_1_307' title='bbox 1057 1257 1189 1301; x_wconf 80' lang='lat' dir='ltr'>capitulo</span> <span class='ocrx_word' id='word_1_308' title='bbox 1204 1255 1390 1301; x_wconf 82' lang='lat' dir='ltr'>consequitur</span> <span class='ocrx_word' id='word_1_309' title='bbox 1405 1258 1568 1292; x_wconf 67' lang='lat' dir='ltr'>manifeste.</span> <span class='ocrx_word' id='word_1_310' title='bbox 1593 1261 1755 1292; x_wconf 81' lang='lat' dir='ltr'>Ostensum</span> <span class='ocrx_word' id='word_1_311' title='bbox 1771 1261 1812 1293; x_wconf 89' lang='lat' dir='ltr'>est</span> 
     </span>
     <span class='ocr_line' id='line_1_25' title="bbox 338 1303 1811 1348; baseline 0.001 -10"><span class='ocrx_word' id='word_1_312' title='bbox 338 1308 417 1339; x_wconf 88' lang='lat' dir='ltr'>enim</span> <span class='ocrx_word' id='word_1_313' title='bbox 426 1304 569 1348; x_wconf 72' lang='lat' dir='ltr'>superius,</span> <span class='ocrx_word' id='word_1_314' title='bbox 587 1303 673 1348; x_wconf 77' lang='lat' dir='ltr'>quod</span> <span class='ocrx_word' id='word_1_315' title='bbox 688 1305 788 1336; x_wconf 85' lang='lat' dir='ltr'>omnis</span> <span class='ocrx_word' id='word_1_316' title='bbox 803 1305 882 1335; x_wconf 63' lang='lat' dir='ltr'>aetio</span> <span class='ocrx_word' id='word_1_317' title='bbox 899 1303 957 1336; x_wconf 88' lang='lat' dir='ltr'>Dei</span> <span class='ocrx_word' id='word_1_318' title='bbox 972 1304 1128 1336; x_wconf 76' lang='lat' dir='ltr'>intrinseca</span> <span class='ocrx_word' id='word_1_319' title='bbox 1145 1303 1328 1336; x_wconf 82' lang='lat' dir='ltr'>mensuratur</span> <span class='ocrx_word' id='word_1_320' title='bbox 1336 1305 1507 1341; x_wconf 80' lang='lat' dir='ltr'>aeternitate‚</span> <span class='ocrx_word' id='word_1_321' title='bbox 1523 1306 1552 1336; x_wconf 90' lang='lat' dir='ltr'>in</span> <span class='ocrx_word' id='word_1_322' title='bbox 1569 1316 1627 1347; x_wconf 83' lang='lat' dir='ltr'>qua</span> <span class='ocrx_word' id='word_1_323' title='bbox 1642 1304 1716 1337; x_wconf 83' lang='lat' dir='ltr'>nihil</span> <span class='ocrx_word' id='word_1_324' title='bbox 1730 1308 1811 1348; x_wconf 81' lang='lat' dir='ltr'>prius</span> 
     </span>
     <span class='ocr_line' id='line_1_26' title="bbox 337 1347 1849 1394; baseline -0.001 -10"><span class='ocrx_word' id='word_1_325' title='bbox 337 1363 386 1384; x_wconf 86' lang='lat' dir='ltr'>aut</span> <span class='ocrx_word' id='word_1_326' title='bbox 401 1351 545 1394; x_wconf 84' lang='lat' dir='ltr'>posterius</span> <span class='ocrx_word' id='word_1_327' title='bbox 558 1374 565 1387; x_wconf 87' lang='lat'><em>,</em></span> <span class='ocrx_word' id='word_1_328' title='bbox 589 1363 642 1384; x_wconf 88' lang='lat' dir='ltr'>nec</span> <span class='ocrx_word' id='word_1_329' title='bbox 655 1350 753 1392; x_wconf 74' lang='lat' dir='ltr'>aliqua</span> <span class='ocrx_word' id='word_1_330' title='bbox 771 1349 947 1382; x_wconf 73' lang='lat' dir='ltr'>mutabilitas</span> <span class='ocrx_word' id='word_1_331' title='bbox 971 1350 1010 1380; x_wconf 84' lang='lat' dir='ltr'>est</span> <span class='ocrx_word' id='word_1_332' title='bbox 1035 1347 1185 1387; x_wconf 76' lang='lat' dir='ltr'>omnino,</span> <span class='ocrx_word' id='word_1_333' title='bbox 1209 1347 1239 1381; x_wconf 73' lang='grc' dir='ltr'>ὃ(</span> <span class='ocrx_word' id='word_1_334' title='bbox 1263 1347 1347 1390; x_wconf 77' lang='lat' dir='ltr'>quod</span> <span class='ocrx_word' id='word_1_335' title='bbox 1364 1350 1465 1382; x_wconf 86' lang='lat' dir='ltr'>omnis</span> <span class='ocrx_word' id='word_1_336' title='bbox 1478 1351 1556 1382; x_wconf 68' lang='lat' dir='ltr'>aCtio</span> <span class='ocrx_word' id='word_1_337' title='bbox 1580 1351 1642 1382; x_wconf 86' lang='lat' dir='ltr'>cius</span> <span class='ocrx_word' id='word_1_338' title='bbox 1658 1351 1810 1385; x_wconf 76' lang='lat' dir='ltr'>intrinseca</span> <span class='ocrx_word' id='word_1_339' title='bbox 1823 1351 1849 1382; x_wconf 89' lang='lat' dir='ltr'>C</span> 
     </span>
     <span class='ocr_line' id='line_1_27' title="bbox 336 1392 1810 1438; baseline -0.001 -9"><span class='ocrx_word' id='word_1_340' title='bbox 336 1397 377 1429; x_wconf 85' lang='lat' dir='ltr'>est</span> <span class='ocrx_word' id='word_1_341' title='bbox 392 1396 589 1429; x_wconf 79' lang='lat' dir='ltr'>immutabilis</span> <span class='ocrx_word' id='word_1_342' title='bbox 604 1395 759 1428; x_wconf 75' lang='lat' dir='ltr'>intrinsece</span> <span class='ocrx_word' id='word_1_343' title='bbox 779 1405 986 1438; x_wconf 77' lang='lat' dir='ltr'>omniquaqtie</span> <span class='ocrx_word' id='word_1_344' title='bbox 998 1417 1005 1429; x_wconf 95' lang='lat'><em>‚</em></span> <span class='ocrx_word' id='word_1_345' title='bbox 1023 1393 1053 1427; x_wconf 75' lang='grc' dir='ltr'>ὃ(</span> <span class='ocrx_word' id='word_1_346' title='bbox 1071 1392 1157 1437; x_wconf 72' lang='lat' dir='ltr'>quod</span> <span class='ocrx_word' id='word_1_347' title='bbox 1173 1393 1252 1426; x_wconf 87' lang='lat' dir='ltr'>nulla</span> <span class='ocrx_word' id='word_1_348' title='bbox 1270 1396 1331 1425; x_wconf 85' lang='lat' dir='ltr'>eius</span> <span class='ocrx_word' id='word_1_349' title='bbox 1346 1395 1423 1427; x_wconf 67' lang='lat' dir='ltr'>aetio</span> <span class='ocrx_word' id='word_1_350' title='bbox 1438 1395 1518 1428; x_wconf 88' lang='lat' dir='ltr'>aliter</span> <span class='ocrx_word' id='word_1_351' title='bbox 1534 1395 1564 1429; x_wconf 74' lang='grc' dir='ltr'>ὅ(</span> <span class='ocrx_word' id='word_1_352' title='bbox 1579 1395 1661 1428; x_wconf 84' lang='lat' dir='ltr'>aliter</span> <span class='ocrx_word' id='word_1_353' title='bbox 1676 1398 1810 1430; x_wconf 89' lang='lat' dir='ltr'>intrinse-</span> 
     </span>
     <span class='ocr_line' id='line_1_28' title="bbox 338 1437 1810 1485; baseline 0.001 -12"><span class='ocrx_word' id='word_1_354' title='bbox 338 1442 372 1475; x_wconf 81' lang='grc' dir='ltr'>εὲ</span> <span class='ocrx_word' id='word_1_355' title='bbox 385 1465 392 1478; x_wconf 69' lang='grc'><em>,</em></span> <span class='ocrx_word' id='word_1_356' title='bbox 417 1452 487 1484; x_wconf 81' lang='lat' dir='ltr'>puta</span> <span class='ocrx_word' id='word_1_357' title='bbox 503 1441 594 1474; x_wconf 70' lang='lat' dir='ltr'>libere</span> <span class='ocrx_word' id='word_1_358' title='bbox 611 1447 640 1472; x_wconf 72' lang='lat'>8&lt;</span> <span class='ocrx_word' id='word_1_359' title='bbox 658 1452 721 1472; x_wconf 91' lang='lat' dir='ltr'>non</span> <span class='ocrx_word' id='word_1_360' title='bbox 739 1438 832 1473; x_wconf 67' lang='lat' dir='ltr'>liberi:</span> <span class='ocrx_word' id='word_1_361' title='bbox 846 1439 1007 1472; x_wconf 86' lang='lat' dir='ltr'>secundum</span> <span class='ocrx_word' id='word_1_362' title='bbox 1025 1440 1105 1482; x_wconf 86' lang='lat' dir='ltr'>prius</span> <span class='ocrx_word' id='word_1_363' title='bbox 1124 1441 1152 1473; x_wconf 73' lang='grc' dir='ltr'>ὅ(</span> <span class='ocrx_word' id='word_1_364' title='bbox 1168 1438 1311 1482; x_wconf 78' lang='lat' dir='ltr'>posterius</span> <span class='ocrx_word' id='word_1_365' title='bbox 1328 1437 1385 1471; x_wconf 86' lang='lat' dir='ltr'>sese</span> <span class='ocrx_word' id='word_1_366' title='bbox 1400 1438 1492 1473; x_wconf 84' lang='lat' dir='ltr'>habet</span> <span class='ocrx_word' id='word_1_367' title='bbox 1507 1453 1519 1478; x_wconf 67' lang='grc' dir='ltr'><strong>ς</strong></span> <span class='ocrx_word' id='word_1_368' title='bbox 1534 1451 1625 1485; x_wconf 86' lang='lat' dir='ltr'>quare</span> <span class='ocrx_word' id='word_1_369' title='bbox 1639 1452 1692 1473; x_wconf 89' lang='lat' dir='ltr'>nec</span> <span class='ocrx_word' id='word_1_370' title='bbox 1709 1444 1810 1485; x_wconf 86' lang='lat' dir='ltr'>aliqua</span> 
     </span>
     <span class='ocr_line' id='line_1_29' title="bbox 338 1482 1811 1531; baseline 0 -12"><span class='ocrx_word' id='word_1_371' title='bbox 338 1492 402 1520; x_wconf 81' lang='lat' dir='ltr'>eius</span> <span class='ocrx_word' id='word_1_372' title='bbox 418 1488 539 1520; x_wconf 88' lang='lat' dir='ltr'>volutio</span> <span class='ocrx_word' id='word_1_373' title='bbox 556 1488 655 1529; x_wconf 89' lang='lat' dir='ltr'>prius,</span> <span class='ocrx_word' id='word_1_374' title='bbox 678 1497 748 1529; x_wconf 87' lang='lat' dir='ltr'>puta</span> <span class='ocrx_word' id='word_1_375' title='bbox 765 1496 833 1518; x_wconf 77' lang='lat' dir='ltr'>ante</span> <span class='ocrx_word' id='word_1_376' title='bbox 856 1486 1040 1529; x_wconf 76' lang='lat' dir='ltr'>praeseiitiam</span> <span class='ocrx_word' id='word_1_377' title='bbox 1057 1482 1104 1516; x_wconf 85' lang='lat' dir='ltr'>seu</span> <span class='ocrx_word' id='word_1_378' title='bbox 1120 1485 1346 1527; x_wconf 65' lang='lat' dir='ltr'>praeteritionem</span> <span class='ocrx_word' id='word_1_379' title='bbox 1369 1487 1409 1518; x_wconf 86' lang='lat' dir='ltr'>rei</span> <span class='ocrx_word' id='word_1_380' title='bbox 1433 1485 1472 1517; x_wconf 88' lang='lat' dir='ltr'>est</span> <span class='ocrx_word' id='word_1_381' title='bbox 1495 1488 1591 1529; x_wconf 82' lang='lat' dir='ltr'>magis</span> <span class='ocrx_word' id='word_1_382' title='bbox 1607 1485 1699 1519; x_wconf 82' lang='lat' dir='ltr'>libera</span> <span class='ocrx_word' id='word_1_383' title='bbox 1719 1499 1811 1531; x_wconf 82' lang='lat' dir='ltr'>quam</span> 
     </span>
     <span class='ocr_line' id='line_1_30' title="bbox 336 1528 1810 1578; baseline 0.001 -14"><span class='ocrx_word' id='word_1_384' title='bbox 336 1534 421 1578; x_wconf 83' lang='lat' dir='ltr'>post,</span> <span class='ocrx_word' id='word_1_385' title='bbox 447 1532 526 1566; x_wconf 69' lang='lat' dir='ltr'>fasta</span> <span class='ocrx_word' id='word_1_386' title='bbox 543 1532 650 1565; x_wconf 77' lang='lat' dir='ltr'>scilicet</span> <span class='ocrx_word' id='word_1_387' title='bbox 675 1542 705 1563; x_wconf 92' lang='lat' dir='ltr'>re</span> <span class='ocrx_word' id='word_1_388' title='bbox 730 1533 869 1574; x_wconf 81' lang='lat' dir='ltr'>praesentc</span> <span class='ocrx_word' id='word_1_389' title='bbox 888 1533 917 1563; x_wconf 91' lang='lat' dir='ltr'>in</span> <span class='ocrx_word' id='word_1_390' title='bbox 942 1531 1158 1573; x_wconf 73' lang='lat' dir='ltr'>praeteritumue</span> <span class='ocrx_word' id='word_1_391' title='bbox 1174 1528 1310 1572; x_wconf 78' lang='lat' dir='ltr'>delapsa,</span> <span class='ocrx_word' id='word_1_392' title='bbox 1332 1540 1388 1562; x_wconf 89' lang='lat' dir='ltr'>nec</span> <span class='ocrx_word' id='word_1_393' title='bbox 1410 1533 1510 1563; x_wconf 84' lang='lat' dir='ltr'>minus</span> <span class='ocrx_word' id='word_1_394' title='bbox 1523 1532 1614 1564; x_wconf 80' lang='lat' dir='ltr'>libera</span> <span class='ocrx_word' id='word_1_395' title='bbox 1630 1534 1697 1575; x_wconf 87' lang='lat' dir='ltr'>post</span> <span class='ocrx_word' id='word_1_396' title='bbox 1717 1536 1810 1576; x_wconf 80' lang='lat' dir='ltr'>quam</span> 
     </span>
     <span class='ocr_line' id='line_1_31' title="bbox 338 1574 1810 1621; baseline -0.001 -11"><span class='ocrx_word' id='word_1_397' title='bbox 338 1589 424 1616; x_wconf 88' lang='lat' dir='ltr'>ante,</span> <span class='ocrx_word' id='word_1_398' title='bbox 452 1589 508 1611; x_wconf 87' lang='lat' dir='ltr'>nec</span> <span class='ocrx_word' id='word_1_399' title='bbox 523 1580 622 1610; x_wconf 83' lang='lat' dir='ltr'>minus</span> <span class='ocrx_word' id='word_1_400' title='bbox 636 1576 729 1609; x_wconf 86' lang='lat' dir='ltr'>libera</span> <span class='ocrx_word' id='word_1_401' title='bbox 746 1587 832 1614; x_wconf 82' lang='lat' dir='ltr'>ante,</span> <span class='ocrx_word' id='word_1_402' title='bbox 854 1581 885 1607; x_wconf 71' lang='lat'>8&lt;</span> <span class='ocrx_word' id='word_1_403' title='bbox 903 1578 999 1620; x_wconf 81' lang='lat' dir='ltr'>magis</span> <span class='ocrx_word' id='word_1_404' title='bbox 1015 1577 1080 1619; x_wconf 89' lang='lat' dir='ltr'>post</span> <span class='ocrx_word' id='word_1_405' title='bbox 1095 1585 1218 1618; x_wconf 87' lang='lat' dir='ltr'>propter</span> <span class='ocrx_word' id='word_1_406' title='bbox 1231 1574 1355 1608; x_wconf 84' lang='lat' dir='ltr'>eandem</span> <span class='ocrx_word' id='word_1_407' title='bbox 1373 1577 1518 1608; x_wconf 88' lang='lat' dir='ltr'>rationem</span> <span class='ocrx_word' id='word_1_408' title='bbox 1529 1601 1538 1615; x_wconf 90' lang='lat'>,</span> <span class='ocrx_word' id='word_1_409' title='bbox 1564 1577 1649 1621; x_wconf 90' lang='lat' dir='ltr'>quod</span> <span class='ocrx_word' id='word_1_410' title='bbox 1665 1578 1696 1611; x_wconf 77' lang='grc' dir='ltr'>ὅ(</span> <span class='ocrx_word' id='word_1_411' title='bbox 1711 1579 1810 1612; x_wconf 84' lang='lat' dir='ltr'>nullus</span> 
     </span>
     <span class='ocr_line' id='line_1_32' title="bbox 337 1617 1812 1668; baseline 0.001 -13"><span class='ocrx_word' id='word_1_412' title='bbox 337 1626 459 1667; x_wconf 79' lang='lat' dir='ltr'>ignorat</span> <span class='ocrx_word' id='word_1_413' title='bbox 481 1638 492 1662; x_wconf 69' lang='grc' dir='ltr'>ς</span> <span class='ocrx_word' id='word_1_414' title='bbox 517 1634 610 1668; x_wconf 84' lang='lat' dir='ltr'>quare</span> <span class='ocrx_word' id='word_1_415' title='bbox 635 1624 749 1665; x_wconf 83' lang='lat' dir='ltr'>semper</span> <span class='ocrx_word' id='word_1_416' title='bbox 772 1622 924 1665; x_wconf 68' lang='lat' dir='ltr'>aequaliter</span> <span class='ocrx_word' id='word_1_417' title='bbox 947 1621 1055 1658; x_wconf 81' lang='lat' dir='ltr'>libera,</span> <span class='ocrx_word' id='word_1_418' title='bbox 1079 1617 1323 1657; x_wconf 77' lang='lat' dir='ltr'>immutabiliter,</span> <span class='ocrx_word' id='word_1_419' title='bbox 1346 1620 1499 1654; x_wconf 66' lang='lat' dir='ltr'>intrinsece*</span> <span class='ocrx_word' id='word_1_420' title='bbox 1521 1621 1701 1664; x_wconf 73' lang='lat' dir='ltr'>perseuerat·</span> <span class='ocrx_word' id='word_1_421' title='bbox 1734 1624 1812 1657; x_wconf 86' lang='lat' dir='ltr'>Item</span> 
     </span>
     <span class='ocr_line' id='line_1_33' title="bbox 338 1664 1811 1711; baseline -0.001 -9"><span class='ocrx_word' id='word_1_422' title='bbox 338 1671 408 1702; x_wconf 75' lang='lat' dir='ltr'>licet</span> <span class='ocrx_word' id='word_1_423' title='bbox 422 1670 453 1701; x_wconf 87' lang='lat' dir='ltr'>in</span> <span class='ocrx_word' id='word_1_424' title='bbox 470 1669 631 1701; x_wconf 87' lang='lat' dir='ltr'>volutione</span> <span class='ocrx_word' id='word_1_425' title='bbox 646 1668 749 1701; x_wconf 84' lang='lat' dir='ltr'>diuina</span> <span class='ocrx_word' id='word_1_426' title='bbox 764 1667 797 1699; x_wconf 87' lang='lat' dir='ltr'>fit</span> <span class='ocrx_word' id='word_1_427' title='bbox 812 1668 969 1699; x_wconf 77' lang='lat' dir='ltr'>nccess-i&#39;ras</span> <span class='ocrx_word' id='word_1_428' title='bbox 985 1667 1127 1709; x_wconf 84' lang='lat' dir='ltr'>sequens,</span> <span class='ocrx_word' id='word_1_429' title='bbox 1152 1664 1193 1697; x_wconf 87' lang='lat' dir='ltr'>est</span> <span class='ocrx_word' id='word_1_430' title='bbox 1217 1676 1315 1698; x_wconf 84' lang='lat' dir='ltr'>tamen</span> <span class='ocrx_word' id='word_1_431' title='bbox 1330 1667 1360 1698; x_wconf 89' lang='lat' dir='ltr'>in</span> <span class='ocrx_word' id='word_1_432' title='bbox 1378 1676 1411 1698; x_wconf 87' lang='lat' dir='ltr'>ea</span> <span class='ocrx_word' id='word_1_433' title='bbox 1425 1668 1653 1711; x_wconf 80' lang='lat' dir='ltr'>contingentia,</span> <span class='ocrx_word' id='word_1_434' title='bbox 1678 1669 1709 1702; x_wconf 83' lang='lat'>&amp;</span> <span class='ocrx_word' id='word_1_435' title='bbox 1723 1668 1811 1702; x_wconf 88' lang='lat' dir='ltr'>liber-</span> 
     </span>
     <span class='ocr_line' id='line_1_34' title="bbox 340 1710 1811 1756; baseline 0.001 -10"><span class='ocrx_word' id='word_1_436' title='bbox 340 1726 385 1746; x_wconf 85' lang='lat' dir='ltr'>tas</span> <span class='ocrx_word' id='word_1_437' title='bbox 399 1714 647 1747; x_wconf 62' lang='lat' dir='ltr'>contradictionis</span> <span class='ocrx_word' id='word_1_438' title='bbox 664 1714 680 1746; x_wconf 74' lang='lat' dir='ltr'>a</span> <span class='ocrx_word' id='word_1_439' title='bbox 705 1712 874 1745; x_wconf 76' lang='lat' dir='ltr'>necessitate</span> <span class='ocrx_word' id='word_1_440' title='bbox 889 1712 1089 1755; x_wconf 65' lang='lat' dir='ltr'>praecedente,</span> <span class='ocrx_word' id='word_1_441' title='bbox 1113 1710 1185 1743; x_wconf 84' lang='lat' dir='ltr'>sicut</span> <span class='ocrx_word' id='word_1_442' title='bbox 1208 1721 1319 1753; x_wconf 84' lang='lat' dir='ltr'>quarto</span> <span class='ocrx_word' id='word_1_443' title='bbox 1342 1710 1429 1745; x_wconf 83' lang='lat' dir='ltr'>liuius</span> <span class='ocrx_word' id='word_1_444' title='bbox 1451 1712 1481 1746; x_wconf 70' lang='grc' dir='ltr'>ὅ(</span> <span class='ocrx_word' id='word_1_445' title='bbox 1505 1713 1613 1756; x_wconf 89' lang='lat' dir='ltr'>quinto</span> <span class='ocrx_word' id='word_1_446' title='bbox 1629 1724 1691 1746; x_wconf 83' lang='lat' dir='ltr'>erat</span> <span class='ocrx_word' id='word_1_447' title='bbox 1710 1715 1811 1748; x_wconf 82' lang='lat' dir='ltr'>osten-</span> 
     </span>
     <span class='ocr_line' id='line_1_35' title="bbox 340 1755 1810 1804; baseline 0.001 -12"><span class='ocrx_word' id='word_1_448' title='bbox 340 1762 420 1796; x_wconf 88' lang='lat' dir='ltr'>sum,</span> <span class='ocrx_word' id='word_1_449' title='bbox 446 1770 515 1804; x_wconf 79' lang='lat' dir='ltr'>quae</span> <span class='ocrx_word' id='word_1_450' title='bbox 530 1759 642 1802; x_wconf 87' lang='lat' dir='ltr'>semper</span> <span class='ocrx_word' id='word_1_451' title='bbox 657 1770 758 1791; x_wconf 83' lang='lat' dir='ltr'>manet</span> <span class='ocrx_word' id='word_1_452' title='bbox 775 1758 896 1802; x_wconf 67' lang='lat' dir='ltr'>:equalis</span> <span class='ocrx_word' id='word_1_453' title='bbox 912 1769 941 1790; x_wconf 86' lang='lat' dir='ltr'>te</span> <span class='ocrx_word' id='word_1_454' title='bbox 957 1757 1078 1793; x_wconf 87' lang='lat' dir='ltr'>voluta,</span> <span class='ocrx_word' id='word_1_455' title='bbox 1100 1755 1201 1799; x_wconf 67' lang='lat' dir='ltr'>prim&amp;</span> <span class='ocrx_word' id='word_1_456' title='bbox 1216 1755 1316 1789; x_wconf 52' lang='lat' dir='ltr'>fatur-*1</span> <span class='ocrx_word' id='word_1_457' title='bbox 1327 1780 1335 1794; x_wconf 77' lang='lat'><em>‚</em></span> <span class='ocrx_word' id='word_1_458' title='bbox 1356 1756 1462 1790; x_wconf 78' lang='lat' dir='ltr'>deinde</span> <span class='ocrx_word' id='word_1_459' title='bbox 1477 1757 1626 1800; x_wconf 79' lang='lat' dir='ltr'>praesenti,</span> <span class='ocrx_word' id='word_1_460' title='bbox 1650 1758 1810 1794; x_wconf 79' lang='lat' dir='ltr'>&amp;tandem</span> 
     </span>
     <span class='ocr_line' id='line_1_36' title="bbox 339 1801 1811 1849; baseline 0.001 -12"><span class='ocrx_word' id='word_1_461' title='bbox 339 1816 486 1849; x_wconf 75' lang='lat' dir='ltr'>praeterita</span> <span class='ocrx_word' id='word_1_462' title='bbox 504 1819 512 1837; x_wconf 89' lang='lat'><strong>:</strong></span> <span class='ocrx_word' id='word_1_463' title='bbox 529 1816 601 1836; x_wconf 83' lang='lat' dir='ltr'>nam</span> <span class='ocrx_word' id='word_1_464' title='bbox 614 1806 749 1848; x_wconf 75' lang='lat' dir='ltr'>cognitio</span> <span class='ocrx_word' id='word_1_465' title='bbox 765 1803 958 1847; x_wconf 82' lang='lat' dir='ltr'>incomplexa</span> <span class='ocrx_word' id='word_1_466' title='bbox 975 1801 1022 1835; x_wconf 89' lang='lat' dir='ltr'>seu</span> <span class='ocrx_word' id='word_1_467' title='bbox 1042 1801 1165 1845; x_wconf 82' lang='lat' dir='ltr'>simplex</span> <span class='ocrx_word' id='word_1_468' title='bbox 1181 1805 1222 1834; x_wconf 84' lang='lat' dir='ltr'>rei</span> <span class='ocrx_word' id='word_1_469' title='bbox 1243 1803 1273 1833; x_wconf 91' lang='lat' dir='ltr'>in</span> <span class='ocrx_word' id='word_1_470' title='bbox 1295 1802 1366 1835; x_wconf 88' lang='lat' dir='ltr'>Deo</span> <span class='ocrx_word' id='word_1_471' title='bbox 1381 1803 1412 1837; x_wconf 71' lang='grc' dir='ltr'>ὃ(</span> <span class='ocrx_word' id='word_1_472' title='bbox 1428 1802 1493 1834; x_wconf 88' lang='lat' dir='ltr'>eius</span> <span class='ocrx_word' id='word_1_473' title='bbox 1515 1807 1651 1845; x_wconf 81' lang='lat' dir='ltr'>potentia</span> <span class='ocrx_word' id='word_1_474' title='bbox 1667 1805 1811 1845; x_wconf 69' lang='lat' dir='ltr'>voludua,</span> 
     </span>
     <span class='ocr_line' id='line_1_37' title="bbox 341 1848 1810 1894; baseline -0.001 -10"><span class='ocrx_word' id='word_1_475' title='bbox 341 1851 370 1884; x_wconf 73' lang='grc' dir='ltr'>ὅ(</span> <span class='ocrx_word' id='word_1_476' title='bbox 387 1852 491 1882; x_wconf 86' lang='lat' dir='ltr'>omnia</span> <span class='ocrx_word' id='word_1_477' title='bbox 504 1850 654 1883; x_wconf 74' lang='lat' dir='ltr'>caufiiliter</span> <span class='ocrx_word' id='word_1_478' title='bbox 668 1850 775 1892; x_wconf 76' lang='lat' dir='ltr'>praeuia</span> <span class='ocrx_word' id='word_1_479' title='bbox 791 1851 868 1882; x_wconf 67' lang='lat' dir='ltr'>actui</span> <span class='ocrx_word' id='word_1_480' title='bbox 884 1849 1049 1880; x_wconf 82' lang='lat' dir='ltr'>voluntatis</span> <span class='ocrx_word' id='word_1_481' title='bbox 1069 1848 1243 1880; x_wconf 72' lang='lat' dir='ltr'>aeternaliter</span> <span class='ocrx_word' id='word_1_482' title='bbox 1263 1857 1437 1890; x_wconf 81' lang='lat' dir='ltr'>permanent</span> <span class='ocrx_word' id='word_1_483' title='bbox 1454 1850 1536 1891; x_wconf 66' lang='lat' dir='ltr'>teque</span> <span class='ocrx_word' id='word_1_484' title='bbox 1551 1852 1684 1891; x_wconf 79' lang='lat' dir='ltr'>potentia</span> <span class='ocrx_word' id='word_1_485' title='bbox 1695 1873 1703 1885; x_wconf 85' lang='lat'><strong>‚</strong></span> <span class='ocrx_word' id='word_1_486' title='bbox 1725 1852 1810 1894; x_wconf 68' lang='lat' dir='ltr'>aeque</span> 
     </span>
     <span class='ocr_line' id='line_1_38' title="bbox 339 1891 1854 1940; baseline 0.003 -16"><span class='ocrx_word' id='word_1_487' title='bbox 339 1894 498 1931; x_wconf 70' lang='lat' dir='ltr'>musantia,</span> <span class='ocrx_word' id='word_1_488' title='bbox 515 1898 598 1940; x_wconf 64' lang='lat' dir='ltr'>aeque</span> <span class='ocrx_word' id='word_1_489' title='bbox 608 1898 726 1939; x_wconf 81' lang='lat' dir='ltr'>agentia</span> <span class='ocrx_word' id='word_1_490' title='bbox 736 1895 818 1925; x_wconf 85' lang='lat' dir='ltr'>illum</span> <span class='ocrx_word' id='word_1_491' title='bbox 829 1896 937 1926; x_wconf 71' lang='lat' dir='ltr'>astum.</span> <span class='ocrx_word' id='word_1_492' title='bbox 960 1894 1031 1926; x_wconf 88' lang='lat' dir='ltr'>Hoc</span> <span class='ocrx_word' id='word_1_493' title='bbox 1047 1897 1133 1926; x_wconf 80' lang='lat' dir='ltr'>etiam</span> <span class='ocrx_word' id='word_1_494' title='bbox 1151 1894 1278 1925; x_wconf 84' lang='lat' dir='ltr'>rationes</span> <span class='ocrx_word' id='word_1_495' title='bbox 1293 1891 1428 1925; x_wconf 82' lang='lat' dir='ltr'>tricesimi</span> <span class='ocrx_word' id='word_1_496' title='bbox 1442 1891 1529 1925; x_wconf 85' lang='lat' dir='ltr'>huius</span> <span class='ocrx_word' id='word_1_497' title='bbox 1538 1894 1698 1929; x_wconf 86' lang='lat' dir='ltr'>ostendunt</span> <span class='ocrx_word' id='word_1_498' title='bbox 1714 1909 1724 1934; x_wconf 72' lang='grc' dir='ltr'>ς</span> <span class='ocrx_word' id='word_1_499' title='bbox 1740 1897 1812 1930; x_wconf 66' lang='lat' dir='ltr'>alias</span> <span class='ocrx_word' id='word_1_500' title='bbox 1826 1902 1854 1935; x_wconf 83' lang='lat' dir='ltr'>D</span> 
     </span>
     <span class='ocr_line' id='line_1_39' title="bbox 341 1936 1812 1979; baseline -0.003 -7"><span class='ocrx_word' id='word_1_501' title='bbox 341 1944 450 1974; x_wconf 84' lang='lat' dir='ltr'>etenim</span> <span class='ocrx_word' id='word_1_502' title='bbox 467 1942 550 1972; x_wconf 80' lang='lat' dir='ltr'>Deus</span> <span class='ocrx_word' id='word_1_503' title='bbox 567 1952 694 1974; x_wconf 82' lang='lat' dir='ltr'>aeternus</span> <span class='ocrx_word' id='word_1_504' title='bbox 708 1939 865 1972; x_wconf 66' lang='lat' dir='ltr'>intrinsece</span> <span class='ocrx_word' id='word_1_505' title='bbox 882 1949 1065 1978; x_wconf 80' lang='lat' dir='ltr'>mutaretur,</span> <span class='ocrx_word' id='word_1_506' title='bbox 1087 1937 1153 1970; x_wconf 76' lang='lat' dir='ltr'>imo</span> <span class='ocrx_word' id='word_1_507' title='bbox 1170 1943 1199 1970; x_wconf 73' lang='grc' dir='ltr'>δι</span> <span class='ocrx_word' id='word_1_508' title='bbox 1218 1936 1408 1970; x_wconf 76' lang='lat' dir='ltr'>insanibiliter</span> <span class='ocrx_word' id='word_1_509' title='bbox 1422 1937 1643 1979; x_wconf 82' lang='lat' dir='ltr'>vulneraretur,</span> <span class='ocrx_word' id='word_1_510' title='bbox 1665 1941 1812 1975; x_wconf 68' lang='lat' dir='ltr'>incur-abi-</span> 
     </span>
     <span class='ocr_line' id='line_1_40' title="bbox 340 1981 1812 2021; baseline 0.001 -2"><span class='ocrx_word' id='word_1_511' title='bbox 340 1987 408 2019; x_wconf 84' lang='lat' dir='ltr'>liter</span> <span class='ocrx_word' id='word_1_512' title='bbox 422 1987 623 2021; x_wconf 75' lang='lat' dir='ltr'>mutilaretur,</span> <span class='ocrx_word' id='word_1_513' title='bbox 644 1997 679 2017; x_wconf 82' lang='lat' dir='ltr'>ac</span> <span class='ocrx_word' id='word_1_514' title='bbox 700 1983 959 2018; x_wconf 85' lang='lat' dir='ltr'>irresuscitabilitet</span> <span class='ocrx_word' id='word_1_515' title='bbox 980 1986 1176 2019; x_wconf 60' lang='lat' dir='ltr'>mactaretur,</span> <span class='ocrx_word' id='word_1_516' title='bbox 1201 1981 1275 2015; x_wconf 84' lang='lat' dir='ltr'>ficut</span> <span class='ocrx_word' id='word_1_517' title='bbox 1289 1993 1419 2016; x_wconf 80' lang='lat' dir='ltr'>rationes</span> <span class='ocrx_word' id='word_1_518' title='bbox 1436 1985 1467 2019; x_wconf 75' lang='grc' dir='ltr'>ὅ(</span> <span class='ocrx_word' id='word_1_519' title='bbox 1487 1988 1660 2018; x_wconf 83' lang='lat' dir='ltr'>autoritates</span> <span class='ocrx_word' id='word_1_520' title='bbox 1680 1986 1812 2020; x_wconf 89' lang='lat' dir='ltr'>eiusdem</span> 
     </span>
    </p>

    <p class='ocr_par' dir='ltr' id='par_1_5' title="bbox 159 2027 1851 2662">
     <span class='ocr_line' id='line_1_41' title="bbox 159 2027 1812 2078; baseline -0.002 -10"><span class='ocrx_word' id='word_1_521' title='bbox 159 2040 321 2078; x_wconf 63' lang='lat' dir='ltr'>Philofiplm.</span> <span class='ocrx_word' id='word_1_522' title='bbox 343 2031 479 2064; x_wconf 77' lang='lat' dir='ltr'>tricesimi</span> <span class='ocrx_word' id='word_1_523' title='bbox 494 2030 692 2063; x_wconf 68' lang='lat' dir='ltr'>manifestant.</span> <span class='ocrx_word' id='word_1_524' title='bbox 721 2032 828 2070; x_wconf 84' lang='lat' dir='ltr'>Quare</span> <span class='ocrx_word' id='word_1_525' title='bbox 845 2035 874 2064; x_wconf 84' lang='lat'>&amp;</span> <span class='ocrx_word' id='word_1_526' title='bbox 890 2029 966 2062; x_wconf 87' lang='lat' dir='ltr'>bene</span> <span class='ocrx_word' id='word_1_527' title='bbox 982 2029 1052 2062; x_wconf 87' lang='lat' dir='ltr'>dicit</span> <span class='ocrx_word' id='word_1_528' title='bbox 1064 2027 1281 2071; x_wconf 81' lang='lat' dir='ltr'>Philosophus,</span> <span class='ocrx_word' id='word_1_529' title='bbox 1298 2027 1383 2071; x_wconf 73' lang='lat' dir='ltr'>quod</span> <span class='ocrx_word' id='word_1_530' title='bbox 1398 2028 1538 2062; x_wconf 81' lang='lat' dir='ltr'>voluntas</span> <span class='ocrx_word' id='word_1_531' title='bbox 1553 2030 1655 2063; x_wconf 85' lang='lat' dir='ltr'>diuina</span> <span class='ocrx_word' id='word_1_532' title='bbox 1665 2031 1710 2063; x_wconf 86' lang='lat' dir='ltr'>seu</span> <span class='ocrx_word' id='word_1_533' title='bbox 1730 2034 1812 2065; x_wconf 81' lang='lat' dir='ltr'>Deus</span> 
     </span>
     <span class='ocr_line' id='line_1_42' title="bbox 342 2072 1813 2119; baseline 0 -9"><span class='ocrx_word' id='word_1_534' title='bbox 342 2079 447 2110; x_wconf 82' lang='lat' dir='ltr'>volens</span> <span class='ocrx_word' id='word_1_535' title='bbox 462 2077 502 2108; x_wconf 86' lang='lat' dir='ltr'>cst</span> <span class='ocrx_word' id='word_1_536' title='bbox 517 2077 564 2110; x_wconf 85' lang='lat' dir='ltr'>lex</span> <span class='ocrx_word' id='word_1_537' title='bbox 580 2075 746 2108; x_wconf 85' lang='lat' dir='ltr'>immobilis</span> <span class='ocrx_word' id='word_1_538' title='bbox 763 2076 869 2107; x_wconf 65' lang='lat' dir='ltr'>cui-ista</span> <span class='ocrx_word' id='word_1_539' title='bbox 890 2086 1034 2112; x_wconf 84' lang='lat' dir='ltr'>mouens,</span> <span class='ocrx_word' id='word_1_540' title='bbox 1058 2074 1087 2108; x_wconf 74' lang='grc' dir='ltr'>ὅ(</span> <span class='ocrx_word' id='word_1_541' title='bbox 1110 2072 1197 2106; x_wconf 85' lang='lat' dir='ltr'>nobis</span> <span class='ocrx_word' id='word_1_542' title='bbox 1220 2074 1304 2117; x_wconf 72' lang='lat' dir='ltr'>aeque</span> <span class='ocrx_word' id='word_1_543' title='bbox 1325 2073 1494 2112; x_wconf 81' lang='lat' dir='ltr'>declinans,</span> <span class='ocrx_word' id='word_1_544' title='bbox 1519 2077 1601 2118; x_wconf 68' lang='lat' dir='ltr'>aeque</span> <span class='ocrx_word' id='word_1_545' title='bbox 1616 2077 1706 2119; x_wconf 85' lang='lat' dir='ltr'>igitur</span> <span class='ocrx_word' id='word_1_546' title='bbox 1720 2076 1813 2110; x_wconf 82' lang='lat' dir='ltr'>libera</span> 
     </span>
     <span class='ocr_line' id='line_1_43' title="bbox 343 2119 1812 2166; baseline 0.001 -13"><span class='ocrx_word' id='word_1_547' title='bbox 343 2121 458 2166; x_wconf 84' lang='lat' dir='ltr'>semper</span> <span class='ocrx_word' id='word_1_548' title='bbox 483 2133 584 2155; x_wconf 87' lang='lat' dir='ltr'>manet</span> <span class='ocrx_word' id='word_1_549' title='bbox 606 2135 614 2153; x_wconf 70' lang='grc' dir='ltr'><em>ε</em></span> <span class='ocrx_word' id='word_1_550' title='bbox 639 2123 743 2161; x_wconf 76' lang='lat' dir='ltr'>Quare</span> <span class='ocrx_word' id='word_1_551' title='bbox 764 2127 794 2153; x_wconf 73' lang='lat' dir='ltr'>«Sc</span> <span class='ocrx_word' id='word_1_552' title='bbox 819 2119 989 2162; x_wconf 78' lang='lat' dir='ltr'>subiungit,</span> <span class='ocrx_word' id='word_1_553' title='bbox 1018 2119 1144 2151; x_wconf 88' lang='lat' dir='ltr'>Nullam</span> <span class='ocrx_word' id='word_1_554' title='bbox 1167 2121 1310 2162; x_wconf 85' lang='lat' dir='ltr'>recipiens</span> <span class='ocrx_word' id='word_1_555' title='bbox 1333 2120 1579 2161; x_wconf 83' lang='lat' dir='ltr'>corruptionem,</span> <span class='ocrx_word' id='word_1_556' title='bbox 1602 2121 1812 2159; x_wconf 59' lang='lat' dir='ltr'>directionem,</span> 
     </span>
     <span class='ocr_line' id='line_1_44' title="bbox 343 2164 1814 2210; baseline -0.001 -10"><span class='ocrx_word' id='word_1_557' title='bbox 343 2180 393 2200; x_wconf 86' lang='lat' dir='ltr'>aut</span> <span class='ocrx_word' id='word_1_558' title='bbox 410 2166 670 2210; x_wconf 75' lang='lat' dir='ltr'>transpofitionem</span> <span class='ocrx_word' id='word_1_559' title='bbox 684 2184 693 2201; x_wconf 67' lang='lat'><em>9</em></span> <span class='ocrx_word' id='word_1_560' title='bbox 718 2165 788 2197; x_wconf 86' lang='lat' dir='ltr'>ficut</span> <span class='ocrx_word' id='word_1_561' title='bbox 809 2165 888 2198; x_wconf 90' lang='lat' dir='ltr'>idem</span> <span class='ocrx_word' id='word_1_562' title='bbox 905 2164 1082 2198; x_wconf 86' lang='lat' dir='ltr'>tricesimum</span> <span class='ocrx_word' id='word_1_563' title='bbox 1106 2164 1220 2206; x_wconf 89' lang='lat' dir='ltr'>plenius</span> <span class='ocrx_word' id='word_1_564' title='bbox 1243 2164 1380 2207; x_wconf 86' lang='lat' dir='ltr'>allegauit</span> <span class='ocrx_word' id='word_1_565' title='bbox 1403 2176 1411 2201; x_wconf 82' lang='lat'>3</span> <span class='ocrx_word' id='word_1_566' title='bbox 1435 2165 1494 2196; x_wconf 83' lang='lat' dir='ltr'>Cui</span> <span class='ocrx_word' id='word_1_567' title='bbox 1512 2165 1542 2199; x_wconf 72' lang='lat' dir='ltr'>a&amp;</span> <span class='ocrx_word' id='word_1_568' title='bbox 1556 2166 1722 2200; x_wconf 82' lang='lat' dir='ltr'>concordat</span> <span class='ocrx_word' id='word_1_569' title='bbox 1737 2168 1814 2199; x_wconf 79' lang='lat' dir='ltr'>Aui-</span> 
     </span>
     <span class='ocr_line' id='line_1_45' title="bbox 344 2209 1814 2254; baseline -0.001 -8"><span class='ocrx_word' id='word_1_570' title='bbox 344 2224 439 2246; x_wconf 84' lang='lat' dir='ltr'>cenna</span> <span class='ocrx_word' id='word_1_571' title='bbox 453 2213 493 2243; x_wconf 87' lang='lat' dir='ltr'>ibi</span> <span class='ocrx_word' id='word_1_572' title='bbox 508 2211 639 2244; x_wconf 78' lang='lat' dir='ltr'>{imiliter</span> <span class='ocrx_word' id='word_1_573' title='bbox 654 2211 806 2253; x_wconf 78' lang='lat' dir='ltr'>allegatus.</span> <span class='ocrx_word' id='word_1_574' title='bbox 832 2210 928 2243; x_wconf 84' lang='lat' dir='ltr'>Porro</span> <span class='ocrx_word' id='word_1_575' title='bbox 943 2212 1007 2253; x_wconf 85' lang='lat' dir='ltr'>quis</span> <span class='ocrx_word' id='word_1_576' title='bbox 1022 2209 1165 2241; x_wconf 76' lang='lat' dir='ltr'>libertatis</span> <span class='ocrx_word' id='word_1_577' title='bbox 1178 2209 1286 2242; x_wconf 87' lang='lat' dir='ltr'>diuinae</span> <span class='ocrx_word' id='word_1_578' title='bbox 1301 2211 1411 2241; x_wconf 78' lang='lat' dir='ltr'>iuretur</span> <span class='ocrx_word' id='word_1_579' title='bbox 1424 2220 1474 2243; x_wconf 84' lang='lat' dir='ltr'>aut</span> <span class='ocrx_word' id='word_1_580' title='bbox 1488 2211 1581 2254; x_wconf 87' lang='lat' dir='ltr'>rapiat</span> <span class='ocrx_word' id='word_1_581' title='bbox 1594 2212 1641 2244; x_wconf 87' lang='lat' dir='ltr'>vel</span> <span class='ocrx_word' id='word_1_582' title='bbox 1656 2214 1814 2245; x_wconf 79' lang='lat' dir='ltr'>minimam</span> 
     </span>
     <span class='ocr_line' id='line_1_46' title="bbox 344 2253 1816 2303; baseline 0 -14"><span class='ocrx_word' id='word_1_583' title='bbox 344 2260 518 2303; x_wconf 85' lang='lat' dir='ltr'>portionem</span> <span class='ocrx_word' id='word_1_584' title='bbox 543 2264 551 2287; x_wconf 89' lang='lat'>.&gt;</span> <span class='ocrx_word' id='word_1_585' title='bbox 575 2260 654 2300; x_wconf 83' lang='lat' dir='ltr'>Qis</span> <span class='ocrx_word' id='word_1_586' title='bbox 673 2256 790 2298; x_wconf 79' lang='lat' dir='ltr'>insuper</span> <span class='ocrx_word' id='word_1_587' title='bbox 807 2255 960 2299; x_wconf 78' lang='lat' dir='ltr'>praesumet</span> <span class='ocrx_word' id='word_1_588' title='bbox 974 2253 1090 2287; x_wconf 80' lang='lat' dir='ltr'>efficere</span> <span class='ocrx_word' id='word_1_589' title='bbox 1107 2256 1225 2286; x_wconf 86' lang='lat' dir='ltr'>nouiter</span> <span class='ocrx_word' id='word_1_590' title='bbox 1246 2255 1346 2286; x_wconf 88' lang='lat' dir='ltr'>Deum</span> <span class='ocrx_word' id='word_1_591' title='bbox 1363 2254 1448 2287; x_wconf 88' lang='lat' dir='ltr'>suum</span> <span class='ocrx_word' id='word_1_592' title='bbox 1463 2267 1524 2287; x_wconf 91' lang='lat' dir='ltr'>non</span> <span class='ocrx_word' id='word_1_593' title='bbox 1542 2256 1673 2294; x_wconf 69' lang='lat' dir='ltr'>summe,</span> <span class='ocrx_word' id='word_1_594' title='bbox 1699 2257 1747 2291; x_wconf 82' lang='lat' dir='ltr'>led</span> <span class='ocrx_word' id='word_1_595' title='bbox 1770 2269 1816 2290; x_wconf 85' lang='lat' dir='ltr'>re-</span> 
     </span>
     <span class='ocr_line' id='line_1_47' title="bbox 345 2299 1816 2347; baseline 0.001 -13"><span class='ocrx_word' id='word_1_596' title='bbox 345 2303 433 2336; x_wconf 66' lang='lat' dir='ltr'>misse}</span> <span class='ocrx_word' id='word_1_597' title='bbox 450 2301 575 2334; x_wconf 87' lang='lat' dir='ltr'>liberum</span> <span class='ocrx_word' id='word_1_598' title='bbox 595 2314 604 2336; x_wconf 69' lang='grc' dir='ltr'>ς</span> <span class='ocrx_word' id='word_1_599' title='bbox 626 2313 690 2334; x_wconf 87' lang='lat' dir='ltr'>non</span> <span class='ocrx_word' id='word_1_600' title='bbox 710 2303 843 2336; x_wconf 74' lang='lat' dir='ltr'>summe,</span> <span class='ocrx_word' id='word_1_601' title='bbox 868 2300 915 2333; x_wconf 88' lang='lat' dir='ltr'>sed</span> <span class='ocrx_word' id='word_1_602' title='bbox 930 2301 1048 2332; x_wconf 72' lang='lat' dir='ltr'>remissi}</span> <span class='ocrx_word' id='word_1_603' title='bbox 1062 2299 1228 2342; x_wconf 65' lang='lat' dir='ltr'>perfestum</span> <span class='ocrx_word' id='word_1_604' title='bbox 1247 2311 1255 2333; x_wconf 86' lang='lat'>;</span> <span class='ocrx_word' id='word_1_605' title='bbox 1280 2311 1343 2332; x_wconf 89' lang='lat' dir='ltr'>non</span> <span class='ocrx_word' id='word_1_606' title='bbox 1361 2300 1493 2340; x_wconf 73' lang='lat' dir='ltr'>summe,</span> <span class='ocrx_word' id='word_1_607' title='bbox 1516 2299 1564 2334; x_wconf 85' lang='lat' dir='ltr'>sed</span> <span class='ocrx_word' id='word_1_608' title='bbox 1579 2302 1816 2347; x_wconf 76' lang='lat' dir='ltr'>remissepoten-</span> 
     </span>
     <span class='ocr_line' id='line_1_48' title="bbox 346 2343 1815 2390; baseline 0.002 -12"><span class='ocrx_word' id='word_1_609' title='bbox 346 2360 427 2387; x_wconf 78' lang='lat' dir='ltr'>tem,</span> <span class='ocrx_word' id='word_1_610' title='bbox 450 2358 538 2390; x_wconf 82' lang='lat' dir='ltr'>quare</span> <span class='ocrx_word' id='word_1_611' title='bbox 556 2359 616 2380; x_wconf 89' lang='lat' dir='ltr'>non</span> <span class='ocrx_word' id='word_1_612' title='bbox 633 2349 876 2388; x_wconf 80' lang='lat' dir='ltr'>omnipotentem</span> <span class='ocrx_word' id='word_1_613' title='bbox 893 2353 901 2376; x_wconf 68' lang='grc' dir='ltr'>ἰ</span> <span class='ocrx_word' id='word_1_614' title='bbox 928 2347 1021 2388; x_wconf 83' lang='lat' dir='ltr'>Qis,</span> <span class='ocrx_word' id='word_1_615' title='bbox 1047 2355 1190 2389; x_wconf 86' lang='lat' dir='ltr'>inquam,</span> <span class='ocrx_word' id='word_1_616' title='bbox 1215 2343 1252 2376; x_wconf 85' lang='lat' dir='ltr'>fic</span> <span class='ocrx_word' id='word_1_617' title='bbox 1270 2347 1427 2388; x_wconf 67' lang='lat' dir='ltr'>pra-sumet</span> <span class='ocrx_word' id='word_1_618' title='bbox 1442 2357 1568 2378; x_wconf 90' lang='lat' dir='ltr'>omnem</span> <span class='ocrx_word' id='word_1_619' title='bbox 1583 2349 1730 2380; x_wconf 80' lang='lat' dir='ltr'>rationem</span> <span class='ocrx_word' id='word_1_620' title='bbox 1745 2349 1815 2381; x_wconf 82' lang='lat' dir='ltr'>infa-</span> 
     </span>
     <span class='ocr_line' id='line_1_49' title="bbox 347 2388 1816 2435; baseline -0.001 -9"><span class='ocrx_word' id='word_1_621' title='bbox 347 2405 427 2427; x_wconf 83' lang='lat' dir='ltr'>tuare</span> <span class='ocrx_word' id='word_1_622' title='bbox 438 2417 445 2428; x_wconf 87' lang='lat'>‚</span> <span class='ocrx_word' id='word_1_623' title='bbox 470 2403 595 2424; x_wconf 89' lang='lat' dir='ltr'>omnem</span> <span class='ocrx_word' id='word_1_624' title='bbox 615 2392 704 2424; x_wconf 83' lang='lat' dir='ltr'>fidem</span> <span class='ocrx_word' id='word_1_625' title='bbox 720 2391 838 2431; x_wconf 80' lang='lat' dir='ltr'>falsare,</span> <span class='ocrx_word' id='word_1_626' title='bbox 862 2392 892 2426; x_wconf 69' lang='lat' dir='ltr'>&amp;z</span> <span class='ocrx_word' id='word_1_627' title='bbox 913 2393 1016 2423; x_wconf 82' lang='lat' dir='ltr'>omnia</span> <span class='ocrx_word' id='word_1_628' title='bbox 1032 2388 1166 2431; x_wconf 80' lang='lat' dir='ltr'>symbola</span> <span class='ocrx_word' id='word_1_629' title='bbox 1181 2392 1291 2422; x_wconf 81' lang='lat' dir='ltr'>irritare</span> <span class='ocrx_word' id='word_1_630' title='bbox 1309 2398 1317 2420; x_wconf 68' lang='grc' dir='ltr'><strong><em>ἓ</em></strong></span> <span class='ocrx_word' id='word_1_631' title='bbox 1341 2391 1427 2425; x_wconf 77' lang='lat' dir='ltr'>Alias</span> <span class='ocrx_word' id='word_1_632' title='bbox 1442 2393 1528 2424; x_wconf 81' lang='lat' dir='ltr'>ctiam</span> <span class='ocrx_word' id='word_1_633' title='bbox 1545 2403 1588 2425; x_wconf 84' lang='lat' dir='ltr'>res</span> <span class='ocrx_word' id='word_1_634' title='bbox 1605 2394 1747 2435; x_wconf 85' lang='lat' dir='ltr'>posterior</span> <span class='ocrx_word' id='word_1_635' title='bbox 1763 2405 1816 2425; x_wconf 74' lang='lat' dir='ltr'>vo-</span> 
     </span>
     <span class='ocr_line' id='line_1_50' title="bbox 347 2434 1851 2483; baseline 0.001 -14"><span class='ocrx_word' id='word_1_636' title='bbox 347 2439 409 2471; x_wconf 75' lang='lat' dir='ltr'>luta</span> <span class='ocrx_word' id='word_1_637' title='bbox 425 2438 559 2470; x_wconf 79' lang='lat' dir='ltr'>diuinam</span> <span class='ocrx_word' id='word_1_638' title='bbox 575 2439 722 2468; x_wconf 83' lang='lat' dir='ltr'>minueret</span> <span class='ocrx_word' id='word_1_639' title='bbox 738 2434 924 2472; x_wconf 86' lang='lat' dir='ltr'>libertatem,</span> <span class='ocrx_word' id='word_1_640' title='bbox 952 2436 982 2470; x_wconf 69' lang='grc' dir='ltr'>ὅ(</span> <span class='ocrx_word' id='word_1_641' title='bbox 1000 2434 1091 2479; x_wconf 65' lang='lat' dir='ltr'>ipsam</span> <span class='ocrx_word' id='word_1_642' title='bbox 1115 2435 1238 2468; x_wconf 87' lang='lat' dir='ltr'>nouellae</span> <span class='ocrx_word' id='word_1_643' title='bbox 1253 2435 1410 2473; x_wconf 77' lang='lat' dir='ltr'>subiicerct</span> <span class='ocrx_word' id='word_1_644' title='bbox 1422 2434 1552 2469; x_wconf 88' lang='lat' dir='ltr'>seruituti</span> <span class='ocrx_word' id='word_1_645' title='bbox 1569 2449 1577 2472; x_wconf 70' lang='grc' dir='ltr'>ς</span> <span class='ocrx_word' id='word_1_646' title='bbox 1604 2450 1692 2483; x_wconf 83' lang='lat' dir='ltr'>quare</span> <span class='ocrx_word' id='word_1_647' title='bbox 1715 2439 1746 2473; x_wconf 75' lang='grc' dir='ltr'>ὅ(</span> <span class='ocrx_word' id='word_1_648' title='bbox 1767 2439 1815 2471; x_wconf 81' lang='lat' dir='ltr'>illa</span> <span class='ocrx_word' id='word_1_649' title='bbox 1830 2444 1851 2475; x_wconf 79' lang='grc' dir='ltr'>Ε</span> 
     </span>
     <span class='ocr_line' id='line_1_51' title="bbox 348 2480 1815 2525; baseline -0.001 -9"><span class='ocrx_word' id='word_1_650' title='bbox 348 2484 469 2516; x_wconf 87' lang='lat' dir='ltr'>libertas</span> <span class='ocrx_word' id='word_1_651' title='bbox 493 2481 589 2525; x_wconf 66' lang='lat' dir='ltr'>pollet</span> <span class='ocrx_word' id='word_1_652' title='bbox 611 2482 739 2514; x_wconf 78' lang='lat' dir='ltr'>totaliter</span> <span class='ocrx_word' id='word_1_653' title='bbox 753 2481 846 2513; x_wconf 80' lang='lat' dir='ltr'>adimi</span> <span class='ocrx_word' id='word_1_654' title='bbox 864 2480 894 2514; x_wconf 73' lang='grc' dir='ltr'>ὃ(</span> <span class='ocrx_word' id='word_1_655' title='bbox 909 2481 1035 2518; x_wconf 80' lang='lat' dir='ltr'>auferri,</span> <span class='ocrx_word' id='word_1_656' title='bbox 1063 2492 1129 2523; x_wconf 79' lang='lat' dir='ltr'>quae</span> <span class='ocrx_word' id='word_1_657' title='bbox 1152 2483 1255 2513; x_wconf 80' lang='lat' dir='ltr'>omnia</span> <span class='ocrx_word' id='word_1_658' title='bbox 1278 2482 1350 2512; x_wconf 86' lang='lat' dir='ltr'>nulli</span> <span class='ocrx_word' id='word_1_659' title='bbox 1372 2483 1410 2514; x_wconf 86' lang='lat' dir='ltr'>est</span> <span class='ocrx_word' id='word_1_660' title='bbox 1425 2481 1548 2514; x_wconf 84' lang='lat' dir='ltr'>dubium</span> <span class='ocrx_word' id='word_1_661' title='bbox 1563 2483 1619 2515; x_wconf 78' lang='lat' dir='ltr'>effe</span> <span class='ocrx_word' id='word_1_662' title='bbox 1635 2483 1717 2520; x_wconf 68' lang='lat' dir='ltr'>falsa.</span> <span class='ocrx_word' id='word_1_663' title='bbox 1744 2482 1815 2517; x_wconf 84' lang='lat' dir='ltr'>ficut</span> 
     </span>
     <span class='ocr_line' id='line_1_52' title="bbox 349 2524 1817 2572; baseline -0.001 -10"><span class='ocrx_word' id='word_1_664' title='bbox 349 2540 385 2562; x_wconf 84' lang='lat' dir='ltr'>cx</span> <span class='ocrx_word' id='word_1_665' title='bbox 401 2528 508 2562; x_wconf 79' lang='lat' dir='ltr'>eodem</span> <span class='ocrx_word' id='word_1_666' title='bbox 527 2525 675 2559; x_wconf 84' lang='lat' dir='ltr'>tricesimo</span> <span class='ocrx_word' id='word_1_667' title='bbox 698 2526 815 2570; x_wconf 84' lang='lat' dir='ltr'>plenius</span> <span class='ocrx_word' id='word_1_668' title='bbox 838 2528 935 2569; x_wconf 81' lang='lat' dir='ltr'>potest</span> <span class='ocrx_word' id='word_1_669' title='bbox 957 2528 1019 2558; x_wconf 87' lang='lat' dir='ltr'>sciri</span> <span class='ocrx_word' id='word_1_670' title='bbox 1031 2550 1038 2558; x_wconf 90' lang='lat'><strong>.</strong></span> <span class='ocrx_word' id='word_1_671' title='bbox 1064 2526 1138 2557; x_wconf 87' lang='lat' dir='ltr'>Item</span> <span class='ocrx_word' id='word_1_672' title='bbox 1157 2524 1274 2558; x_wconf 83' lang='lat' dir='ltr'>libertas</span> <span class='ocrx_word' id='word_1_673' title='bbox 1289 2526 1391 2558; x_wconf 84' lang='lat' dir='ltr'>diuina</span> <span class='ocrx_word' id='word_1_674' title='bbox 1406 2538 1467 2559; x_wconf 89' lang='lat' dir='ltr'>nori</span> <span class='ocrx_word' id='word_1_675' title='bbox 1486 2528 1524 2559; x_wconf 87' lang='lat' dir='ltr'>est</span> <span class='ocrx_word' id='word_1_676' title='bbox 1539 2530 1634 2572; x_wconf 82' lang='lat' dir='ltr'>magis</span> <span class='ocrx_word' id='word_1_677' title='bbox 1648 2529 1755 2561; x_wconf 77' lang='lat' dir='ltr'>ancilla</span> <span class='ocrx_word' id='word_1_678' title='bbox 1770 2527 1817 2561; x_wconf 68' lang='lat' dir='ltr'>vel</span> 
     </span>
     <span class='ocr_line' id='line_1_53' title="bbox 348 2570 1817 2617; baseline 0.001 -13"><span class='ocrx_word' id='word_1_679' title='bbox 348 2575 449 2609; x_wconf 78' lang='lat' dir='ltr'>serua,</span> <span class='ocrx_word' id='word_1_680' title='bbox 479 2574 571 2615; x_wconf 67' lang='lat' dir='ltr'>quam</span> <span class='ocrx_word' id='word_1_681' title='bbox 588 2572 708 2604; x_wconf 82' lang='lat' dir='ltr'>libertas</span> <span class='ocrx_word' id='word_1_682' title='bbox 727 2570 875 2609; x_wconf 79' lang='lat' dir='ltr'>humana,</span> <span class='ocrx_word' id='word_1_683' title='bbox 899 2571 947 2603; x_wconf 93' lang='lat' dir='ltr'>scd</span> <span class='ocrx_word' id='word_1_684' title='bbox 970 2572 1030 2614; x_wconf 81' lang='lat' dir='ltr'>ipsa</span> <span class='ocrx_word' id='word_1_685' title='bbox 1057 2571 1097 2603; x_wconf 82' lang='lat' dir='ltr'>cst</span> <span class='ocrx_word' id='word_1_686' title='bbox 1119 2572 1237 2614; x_wconf 80' lang='lat' dir='ltr'>aequali&#39;s</span> <span class='ocrx_word' id='word_1_687' title='bbox 1251 2572 1386 2614; x_wconf 65' lang='lat' dir='ltr'>respectu</span> <span class='ocrx_word' id='word_1_688' title='bbox 1409 2572 1517 2611; x_wconf 78' lang='lat' dir='ltr'>futuri,</span> <span class='ocrx_word' id='word_1_689' title='bbox 1540 2573 1705 2616; x_wconf 72' lang='lat' dir='ltr'>praestnris,</span> <span class='ocrx_word' id='word_1_690' title='bbox 1730 2585 1817 2617; x_wconf 84' lang='lat' dir='ltr'>:itque</span> 
     </span>
     <span class='ocr_line' id='line_1_54' title="bbox 348 2629 498 2662; baseline -0.013 -12"><span class='ocrx_word' id='word_1_691' title='bbox 348 2629 498 2662; x_wconf 65' lang='lat' dir='ltr'>praeU-’I‘stl-</span> 
     </span>
    </p>

    <p class='ocr_par' dir='ltr' id='par_1_6' title="bbox 349 2661 1822 2888">
     <span class='ocr_line' id='line_1_55' title="bbox 394 2661 1818 2708; baseline 0.001 -14"><span class='ocrx_word' id='word_1_692' title='bbox 394 2666 507 2705; x_wconf 77' lang='lat' dir='ltr'>Qarta</span> <span class='ocrx_word' id='word_1_693' title='bbox 517 2662 629 2695; x_wconf 84' lang='lat' dir='ltr'>decima</span> <span class='ocrx_word' id='word_1_694' title='bbox 638 2663 762 2700; x_wconf 82' lang='lat' dir='ltr'>veritas,</span> <span class='ocrx_word' id='word_1_695' title='bbox 785 2662 908 2694; x_wconf 79' lang='lat' dir='ltr'>decimae</span> <span class='ocrx_word' id='word_1_696' title='bbox 923 2662 1010 2694; x_wconf 72' lang='lat' dir='ltr'>tertia·</span> <span class='ocrx_word' id='word_1_697' title='bbox 1027 2662 1107 2694; x_wconf 82' lang='lat' dir='ltr'>soror</span> <span class='ocrx_word' id='word_1_698' title='bbox 1123 2661 1278 2697; x_wconf 84' lang='lat' dir='ltr'>simillima,</span> <span class='ocrx_word' id='word_1_699' title='bbox 1295 2673 1348 2705; x_wconf 91' lang='lat' dir='ltr'>pcr</span> <span class='ocrx_word' id='word_1_700' title='bbox 1362 2663 1450 2705; x_wconf 82' lang='lat' dir='ltr'>ipsam</span> <span class='ocrx_word' id='word_1_701' title='bbox 1467 2663 1497 2696; x_wconf 68' lang='grc' dir='ltr'>ὅ(</span> <span class='ocrx_word' id='word_1_702' title='bbox 1513 2662 1711 2696; x_wconf 82' lang='lat' dir='ltr'>ostensionem</span> <span class='ocrx_word' id='word_1_703' title='bbox 1730 2664 1818 2708; x_wconf 82' lang='lat' dir='ltr'>ipsius</span> 
     </span>
     <span class='ocr_line' id='line_1_56' title="bbox 350 2704 1819 2754; baseline 0.001 -14"><span class='ocrx_word' id='word_1_704' title='bbox 350 2711 495 2751; x_wconf 73' lang='lat' dir='ltr'>cognosci</span> <span class='ocrx_word' id='word_1_705' title='bbox 516 2710 624 2749; x_wconf 90' lang='lat' dir='ltr'>poterit</span> <span class='ocrx_word' id='word_1_706' title='bbox 646 2707 814 2740; x_wconf 73' lang='lat' dir='ltr'>manifeste.</span> <span class='ocrx_word' id='word_1_707' title='bbox 844 2708 923 2739; x_wconf 89' lang='lat' dir='ltr'>Sicut</span> <span class='ocrx_word' id='word_1_708' title='bbox 940 2718 1019 2739; x_wconf 90' lang='lat' dir='ltr'>enim</span> <span class='ocrx_word' id='word_1_709' title='bbox 1038 2717 1067 2738; x_wconf 90' lang='lat' dir='ltr'>in</span> <span class='ocrx_word' id='word_1_710' title='bbox 1083 2707 1239 2739; x_wconf 79' lang='lat' dir='ltr'>voluntate</span> <span class='ocrx_word' id='word_1_711' title='bbox 1254 2704 1300 2739; x_wconf 86' lang='lat' dir='ltr'>seu</span> <span class='ocrx_word' id='word_1_712' title='bbox 1318 2707 1476 2740; x_wconf 85' lang='lat' dir='ltr'>volutione</span> <span class='ocrx_word' id='word_1_713' title='bbox 1491 2707 1619 2742; x_wconf 76' lang='lat' dir='ltr'>humana</span> <span class='ocrx_word' id='word_1_714' title='bbox 1634 2710 1674 2741; x_wconf 84' lang='lat' dir='ltr'>est</span> <span class='ocrx_word' id='word_1_715' title='bbox 1696 2712 1819 2754; x_wconf 66' lang='lat' dir='ltr'>acqualis</span> 
     </span>
     <span class='ocr_line' id='line_1_57' title="bbox 350 2751 1820 2798; baseline 0.003 -14"><span class='ocrx_word' id='word_1_716' title='bbox 350 2756 505 2786; x_wconf 70' lang='lat' dir='ltr'>ncceisitas</span> <span class='ocrx_word' id='word_1_717' title='bbox 519 2754 651 2794; x_wconf 69' lang='lat' dir='ltr'>respectu</span> <span class='ocrx_word' id='word_1_718' title='bbox 668 2753 763 2785; x_wconf 80' lang='lat' dir='ltr'>voluti</span> <span class='ocrx_word' id='word_1_719' title='bbox 781 2755 893 2789; x_wconf 72' lang='lat' dir='ltr'>futuri,</span> <span class='ocrx_word' id='word_1_720' title='bbox 917 2752 1076 2795; x_wconf 79' lang='lat' dir='ltr'>praeseiitis,</span> <span class='ocrx_word' id='word_1_721' title='bbox 1089 2751 1297 2795; x_wconf 82' lang='lat' dir='ltr'>vclpraeteriii,</span> <span class='ocrx_word' id='word_1_722' title='bbox 1318 2751 1355 2784; x_wconf 89' lang='lat' dir='ltr'>sic</span> <span class='ocrx_word' id='word_1_723' title='bbox 1371 2754 1400 2786; x_wconf 73' lang='grc' dir='ltr'>ὅ(</span> <span class='ocrx_word' id='word_1_724' title='bbox 1417 2763 1446 2785; x_wconf 91' lang='lat' dir='ltr'>in</span> <span class='ocrx_word' id='word_1_725' title='bbox 1462 2752 1579 2792; x_wconf 84' lang='lat' dir='ltr'>diuina,</span> <span class='ocrx_word' id='word_1_726' title='bbox 1599 2756 1740 2798; x_wconf 82' lang='lat' dir='ltr'>quoniam</span> <span class='ocrx_word' id='word_1_727' title='bbox 1756 2756 1820 2789; x_wconf 87' lang='lat' dir='ltr'>nul-</span> 
     </span>
     <span class='ocr_line' id='line_1_58' title="bbox 352 2795 1821 2842; baseline 0.001 -11"><span class='ocrx_word' id='word_1_728' title='bbox 352 2799 385 2832; x_wconf 93' lang='lat' dir='ltr'>lo</span> <span class='ocrx_word' id='word_1_729' title='bbox 401 2798 499 2830; x_wconf 90' lang='lat' dir='ltr'>modo</span> <span class='ocrx_word' id='word_1_730' title='bbox 517 2809 643 2839; x_wconf 77' lang='lat' dir='ltr'>augetur</span> <span class='ocrx_word' id='word_1_731' title='bbox 666 2799 830 2830; x_wconf 71' lang='lat' dir='ltr'>extrinsece</span> <span class='ocrx_word' id='word_1_732' title='bbox 850 2797 888 2829; x_wconf 83' lang='lat' dir='ltr'>ab</span> <span class='ocrx_word' id='word_1_733' title='bbox 910 2808 1009 2835; x_wconf 82' lang='lat' dir='ltr'>extra,</span> <span class='ocrx_word' id='word_1_734' title='bbox 1034 2809 1070 2831; x_wconf 88' lang='lat' dir='ltr'>ex</span> <span class='ocrx_word' id='word_1_735' title='bbox 1094 2798 1248 2842; x_wconf 77' lang='lat' dir='ltr'>praesemia</span> <span class='ocrx_word' id='word_1_736' title='bbox 1271 2795 1376 2829; x_wconf 80' lang='lat' dir='ltr'>scilicet</span> <span class='ocrx_word' id='word_1_737' title='bbox 1393 2796 1440 2830; x_wconf 72' lang='lat' dir='ltr'>seu</span> <span class='ocrx_word' id='word_1_738' title='bbox 1462 2799 1663 2841; x_wconf 81' lang='lat' dir='ltr'>praeteritione</span> <span class='ocrx_word' id='word_1_739' title='bbox 1685 2802 1742 2836; x_wconf 82' lang='lat' dir='ltr'>rei,</span> <span class='ocrx_word' id='word_1_740' title='bbox 1766 2812 1821 2834; x_wconf 88' lang='lat' dir='ltr'>nec</span> 
     </span>
     <span class='ocr_line' id='line_1_59' title="bbox 349 2841 1822 2888; baseline 0.001 -11"><span class='ocrx_word' id='word_1_741' title='bbox 349 2844 389 2877; x_wconf 74' lang='lat' dir='ltr'>ab</span> <span class='ocrx_word' id='word_1_742' title='bbox 406 2845 503 2884; x_wconf 77' lang='lat' dir='ltr'>intra,</span> <span class='ocrx_word' id='word_1_743' title='bbox 526 2843 594 2875; x_wconf 80' lang='lat' dir='ltr'>ciim</span> <span class='ocrx_word' id='word_1_744' title='bbox 615 2844 699 2876; x_wconf 81' lang='lat' dir='ltr'>Deus</span> <span class='ocrx_word' id='word_1_745' title='bbox 713 2853 836 2877; x_wconf 74' lang='lat' dir='ltr'>aeternus</span> <span class='ocrx_word' id='word_1_746' title='bbox 856 2841 888 2875; x_wconf 87' lang='lat' dir='ltr'>sit</span> <span class='ocrx_word' id='word_1_747' title='bbox 908 2841 1101 2876; x_wconf 86' lang='lat' dir='ltr'>immutabilis</span> <span class='ocrx_word' id='word_1_748' title='bbox 1116 2844 1272 2876; x_wconf 70' lang='lat' dir='ltr'>intrinsece</span> <span class='ocrx_word' id='word_1_749' title='bbox 1294 2844 1510 2887; x_wconf 75' lang='lat' dir='ltr'>omniquaque.</span> <span class='ocrx_word' id='word_1_750' title='bbox 1537 2845 1677 2888; x_wconf 83' lang='lat' dir='ltr'>Denique</span> <span class='ocrx_word' id='word_1_751' title='bbox 1697 2857 1762 2879; x_wconf 88' lang='lat' dir='ltr'>non</span> <span class='ocrx_word' id='word_1_752' title='bbox 1783 2846 1822 2878; x_wconf 86' lang='lat' dir='ltr'>est</span> 
     </span>
    </p>
   </div>
   <div class='ocr_carea' id='block_1_3' title="bbox 1781 2890 1822 2923">
    <p class='ocr_par' dir='ltr' id='par_1_7' title="bbox 1781 2890 1822 2923">
     <span class='ocr_line' id='line_1_60' title="bbox 1781 2890 1822 2923; baseline 0 0"><span class='ocrx_word' id='word_1_753' title='bbox 1781 2890 1822 2923; x_wconf 89' lang='lat' dir='ltr'>ibi</span> 
     </span>
    </p>
   </div>
  </div>
 </body>
</html>
