1985 3130
125 130 176 179 C
192 148 218 176 A
236 147 278 177 P.
304 142 342 184 5.
756 124 832 174 De
849 124 970 191 Caigsa
992 127 1096 177 Dei.
1703 148 1785 200 655

125 231 156 261 Α
187 224 273 269 quod
284 224 381 268 aliqua
389 221 571 255 caufiilibere
578 223 675 256 afflue
683 220 838 265 aequaliter
844 222 979 256 omnine)
990 222 1017 255 se
1025 222 1133 257 habeat
1142 235 1286 268 quantum
1297 226 1334 259 ad
1345 238 1455 263 omnes
1465 230 1551 274 dispo
1557 230 1677 266 sitiones

184 270 573 313 naturalitetpraeuiasastui
581 267 689 304 libero,
706 273 737 300 sc
754 267 905 311 :equaliter
921 272 1258 314 contingentitempore
1272 274 1418 316 quietis&
1429 279 1670 320 temporeafflo.

181 319 229 350 nis
239 329 247 349 ;
260 317 291 350 ἃ
300 326 436 359 tempore
443 315 552 358 quietis
561 314 600 345 est
609 314 930 357 indeterminata‚ergo
940 316 971 349 ἃ
980 325 1118 359 ternpore
1127 318 1304 350 astionem
1309 329 1383 361 eque
1393 320 1514 355 effectus
1523 324 1669 365 posterior

182 363 367 395 determinat
378 364 465 393 suum
473 359 651 393 eflieiensad
666 359 820 403 agendum
837 362 1084 404 proptercausam
1094 363 1279 406 praedistam.
1296 363 1378 397 Idem
1388 377 1469 409 patet
1478 379 1531 411 pet
1539 369 1667 414 Stepha·
1686 376 1829 414 Stephanus.

180 419 254 442 num
264 408 447 452 Episcopum
458 404 646 438 Patisiensem
655 405 913 438 condemnantem
931 406 1084 449 quendam
1099 409 1258 442 articulum
1268 420 1428 444 erroneum
1441 411 1478 445 lic
1486 424 1665 457 ponentem,

179 453 267 499 quod
276 454 390 485 nullum
398 452 535 496 agensest
545 452 583 482 ad
594 450 784 488 vrrumliber,
799 456 864 483 imo
880 451 1108 487 determinatur.
1130 453 1205 486 Item
1215 453 1268 487 nisi
1278 454 1316 488 sic
1325 455 1406 495 essct,
1417 459 1496 491 nulla
1506 459 1588 492 causa
1597 472 1665 505 age-

178 511 235 540 ret,
249 498 302 532 nisi
311 500 379 532 esIet
396 502 475 541 ptius
486 497 684 530 determinata
693 496 743 530 tali
756 497 1021 536 determinatione,
1038 510 1099 543 qua
1113 498 1222 543 polita,
1239 502 1401 536 necessario
1419 505 1588 548 sequeretur
1595 506 1665 540 efle-

178 548 256 585 ἂυς,
270 549 300 580 &
310 544 348 578 lic
356 544 454 577 nullus
463 542 621 576 efferacius
630 543 718 583 liber,
736 541 809 575 sicut
825 543 990 588 capitulum
999 545 1174 588 proximum
1186 546 1410 582 demonstrauit.
1436 552 1539 594 Qare
1549 554 1580 586 ot
1588 552 1664 585 alius

177 591 303 636 quidam
312 590 451 624 articulus
465 589 523 622 fuit
537 588 761 622 condemnatus
771 587 888 626 Parifijs
897 587 935 621 ab
945 590 1051 624 eodem
1063 591 1235 635 StephanO,
1248 595 1298 635 qui
1308 593 1347 626 sic
1355 595 1442 631 dixit,
1463 597 1564 636 Qiod
1574 597 1663 631 defui

176 648 280 671 natura
288 648 351 669 non
364 636 403 667 est
413 637 647 668 determinatum
657 635 694 668 ad
704 634 759 668 esse
768 634 817 666 vel
825 645 889 668 non
897 633 966 674 effe,
978 647 1040 669 non
1058 636 1270 671 determinatur
1278 638 1330 671 nisi
1341 651 1393 683 per
1406 641 1517 684 ahquid
1526 644 1612 688 quod
1620 646 1661 677 est

176 680 369 715 necessarium
378 681 510 725 respeffli
519 680 568 713 sui.
595 683 748 723 Qartum
757 680 832 712 veto
839 691 874 713 ex
881 680 1107 715 definitionibus
1118 683 1292 717 aciuslibeti
1301 684 1435 719 libertate
1442 689 1659 721 contradictio-

175 732 220 762 nis
229 730 472 771 &contingentis
480 727 634 772 aequaliter
642 726 836 759 concluditur
844 727 1054 761 euidenter.Et
1062 730 1198 772 quintum
1211 728 1342 763 fimiliter
1350 731 1480 775 sequitur
1490 745 1524 765 ex
1536 735 1659 768 eisdem.
1722 711 1746 743 4

122 766 147 799 Β
175 774 298 808 Sextum
305 775 401 807 statim
412 773 548 809 infertur,
557 774 701 817 quoniam
710 784 762 816 per
769 772 949 816 prreostensa
958 774 1013 806 isto
1021 775 1163 818 capitulo,
1175 781 1206 808 &
1215 777 1368 818 proximo,
1386 783 1416 810 8<
1427 780 1526 817 tertio,
1541 784 1659 814 contin-
1721 796 1742 822 6

172 831 246 863 gens
254 819 292 853 ad
301 819 518 853 vtrumlibetest
526 819 626 863 aliqua
633 829 680 852 res
691 820 816 851 existens
834 828 844 852 3
858 820 888 853 ὅ(
904 830 958 862 per
973 818 1194 864 Philosophum
1215 833 1242 854 i.
1253 826 1313 865 peri
1328 822 1495 858 hermenias
1511 826 1561 858 vlt.
1591 825 1657 862 Esse

172 866 258 910 quod
266 865 319 903 est,
335 865 457 909 quando
465 866 518 902 est,
534 863 646 898 necesse
654 865 704 897 est.
731 863 847 897 Verum
858 875 890 896 vt
898 865 974 897 istud
985 866 1162 900 elucidatius
1170 866 1349 907 declaretur,
1364 881 1469 912 parum
1479 871 1565 905 altius
1574 873 1657 915 05d1-

165 912 297 946 ‚endumi
319 912 480 945 Sciendum
496 910 757 954 igitutflsecundum
770 912 916 955 proximo
925 911 1014 944 huius
1023 910 1167 955 praemissa
1177 937 1186 949 ‚
1203 914 1286 956 quod
1301 917 1482 959 contingens
1496 916 1657 960 dupliciter
1676 929 1689 968 Η
1705 938 1751 968 per

170 958 267 1001 potest
275 958 349 990 sumi
366 971 374 990 τ
392 968 456 990 vno
463 956 574 995 modo,
581 966 634 1001 per
641 957 668 989 se
678 957 799 1000 proprie
809 961 839 988 &
849 957 880 987 in
890 958 992 1000 ptimo
1003 958 1098 1000 gradu
1107 961 1328 1003 contingentiae,
1338 962 1509 995 cuiusmodi
1519 965 1558 996 est
1572 965 1657 999 aetus

169 1006 284 1047 primus
298 1009 506 1037 &immanens
514 1003 628 1046 agentis
637 1002 790 1035 rationalis
798 1001 920 1037 &liberi
929 1004 1174 1043 contradictorie,
1182 1016 1251 1048 puta
1260 1007 1336 1038 velle
1347 1021 1354 1039 ε
1365 1008 1468 1042 &talis
1478 1019 1657 1053 contingen-

171 1051 211 1082 tia
220 1051 250 1084 ὅ(
259 1048 383 1094 sequens
392 1051 548 1082 necessitas
558 1059 622 1080 non
633 1059 820 1092 repugnant,
836 1047 905 1080 sicut
921 1051 982 1081 iam
999 1060 1058 1082 erat
1072 1052 1236 1083 ostensum.
1259 1052 1331 1085 Alio
1341 1064 1442 1086 autem
1453 1054 1550 1087 modo
1560 1046 1656 1099 potest

171 1097 246 1128 sumi
255 1100 436 1139 contingens
446 1106 496 1135 pet
504 1094 646 1127 accidens
656 1094 904 1139 quodammodo,
922 1094 980 1127 siue
990 1106 1041 1138 per
1050 1095 1130 1128 aliud
1139 1095 1316 1131 secundario
1326 1099 1564 1140 denominatiue,
1579 1103 1609 1137 ὁ(
1623 1104 1654 1135 in

170 1142 302 1174 secundo
310 1143 418 1185 gradu,
427 1142 522 1184 qualis
528 1142 568 1173 est
577 1141 661 1173 aelus
672 1139 816 1172 transiens
825 1146 855 1173 &
865 1142 1046 1173 extrinsecus
1057 1142 1190 1185 praediffi
1200 1147 1314 1186 agentis
1324 1143 1504 1178 descendens
1513 1147 1530 1178 a
1541 1149 1653 1190 primo,

169 1198 242 1232 puta
252 1199 376 1221 mouere
385 1185 722 1224 manum‚baculum‚&
732 1196 887 1229 percutere
902 1198 911 1218 z
927 1185 977 1218 vbi
988 1186 1019 1220 ὅ(
1028 1185 1190 1220 secundum
1202 1192 1455 1234 propinquitatem
1465 1192 1497 1226 ὅ(
1507 1196 1654 1226 remotio-

169 1244 239 1266 nem
249 1231 511 1278 possentassignati
522 1233 642 1265 vlterius
649 1232 750 1276 plures
758 1231 842 1264 modi
852 1247 862 1271 ;
871 1234 922 1276 qui
931 1233 1003 1266 ideo
1012 1233 1118 1266 dicitur
1125 1237 1302 1278 contingens
1312 1238 1548 1281 aequaliter‚quia
1557 1240 1574 1271 ὲ
1584 1250 1654 1275 con-

169 1282 305 1323 tingente
315 1279 489 1312 huiusmodi
498 1279 660 1311 deriuatur.
679 1278 766 1311 Talis
779 1289 879 1310 autem
895 1278 1017 1312 effeetus
1027 1279 1067 1310 est
1081 1278 1256 1312 necessarius
1267 1283 1400 1326 respectu
1411 1283 1425 1314 s
1424 1294 1467 1315 uae
1475 1285 1569 1317 eausa:
1577 1295 1655 1319 tota.

114 1327 144 1359 C
170 1326 215 1364 lis,
223 1325 296 1359 sicut
305 1328 479 1370 proximum
490 1324 576 1357 huius
586 1324 687 1362 docet,
704 1323 734 1357 ὅ(
744 1324 924 1367 contingens
934 1323 1065 1357 similiter
1072 1325 1169 1358 modo
1179 1326 1262 1359 dieto
1281 1341 1288 1358 :
1308 1328 1389 1360 vnde
1399 1335 1428 1362 δε
1441 1329 1595 1363 euidenter
1603 1342 1655 1375 ap-

168 1383 266 1416 paret,
276 1372 361 1415 quod
371 1372 579 1416 contingentia
589 1369 626 1402 fic
633 1380 769 1413 accepta,
778 1374 807 1404 δι
816 1370 995 1403 antecedens
1006 1371 1162 1404 necessitas
1171 1383 1234 1404 non
1244 1385 1418 1417 repugnant.
1446 1376 1489 1406 Ex
1501 1387 1563 1420 quo
1572 1376 1602 1410 ἃ
1611 1377 1653 1408 vl-

170 1420 259 1450 terius
268 1419 345 1451 clare
354 1418 487 1462 colligitu
493 1429 515 1456 ι·,
527 1415 611 1460 quod
626 1428 701 1449 vnus
718 1416 785 1449 talis
794 1414 919 1449 effecius
926 1419 1056 1450 exterior
1070 1419 1100 1450 in
1116 1418 1246 1452 secundo
1255 1421 1351 1462 gradu
1363 1421 1546 1463 contingens
1556 1424 1653 1464 potest

169 1463 228 1495 dici
235 1465 369 1508 respestu
381 1466 467 1496 vnius
476 1464 506 1498 ὅ(
516 1462 648 1496 eiusdem
658 1462 753 1494 causae
762 1461 829 1502 suae,
845 1473 915 1505 puta
932 1464 1017 1501 velle,
1034 1461 1207 1497 necessarius
1217 1464 1388 1498 necessitate
1405 1467 1606 1509 praecedente,
1621 1469 1652 1502 ἂ

168 1511 257 1542 etiarn
274 1510 515 1547 denominatiue,
528 1511 576 1541 seu
593 1508 809 1552 transumptiue
824 1507 1058 1553 quodammodo
1073 1508 1246 1544 necessitate
1258 1511 1411 1554 sequente,
1429 1514 1496 1555 quia
1511 1512 1652 1545 videlicet

166 1557 251 1589 causa
260 1553 319 1592 sua,
329 1556 437 1588 scilicet
445 1555 519 1589 illud
526 1555 612 1591 velle,
629 1557 667 1588 est
677 1554 835 1588 necessaria
842 1554 894 1587 illo
903 1554 1009 1587 modo.
1036 1557 1235 1599 Quapropter
1244 1564 1274 1591 δι
1283 1558 1332 1589 ille
1340 1558 1419 1590 idem
1427 1558 1550 1592 effestus
1558 1558 1652 1602 respe-

168 1602 219 1633 ἂι]
228 1604 315 1634 vnius
325 1608 354 1634 &
364 1601 493 1635 eiusdem
502 1612 554 1634 cau
560 1603 594 1634 sae
602 1598 659 1633 suae
668 1602 765 1644 potest
773 1599 831 1633 dici
840 1599 970 1634 similiter
977 1599 1152 1634 neceffarius
1161 1603 1192 1637 ὅ(
1202 1604 1394 1647 contingens,
1404 1605 1468 1635 imo
1476 1602 1652 1638 necessarius

167 1648 341 1680 necessitate
348 1648 518 1681 naturaliter
527 1648 728 1690 praecedente,
737 1653 768 1679 δι
777 1648 957 1690 contingens
968 1646 1099 1679 fimiliter
1107 1647 1204 1680 modo
1214 1649 1297 1683 dicio
1315 1662 1324 1682 :
1342 1661 1408 1693 quae
1419 1652 1523 1682 omnia
1532 1661 1567 1682 ex
1579 1661 1653 1694 prae-

167 1693 262 1726 missis
272 1699 324 1726 26.
332 1694 452 1726 secundi
462 1693 581 1738 possunt
591 1693 716 1726 lucidius
722 1703 876 1736 apparere.
886 1694 1057 1735 Septimum
1065 1694 1256 1739 consequitur
1263 1696 1318 1727 isio
1326 1696 1424 1727 modo
1435 1707 1444 1729 ;
1455 1696 1652 1739 Contingens
1713 1698 1733 1730 7

167 1739 406 1783 aequaliter,sicut
417 1742 536 1773 tertium
547 1739 635 1772 huius
644 1739 785 1776 ostendit,
803 1740 841 1772 est
849 1739 948 1783 aliqua
958 1740 1147 1777 resexistens,
1164 1742 1195 1775 ὅ(
1209 1739 1280 1773 sicut
1293 1741 1457 1783 capitulum
1473 1743 1649 1784 proximum

167 1783 356 1823 ostendebat,
368 1786 566 1829 Contingens
575 1785 798 1829 aequaliter‚per
807 1785 834 1817 se
843 1784 944 1829 ptimo
954 1787 1138 1829 proprieque
1146 1796 1304 1831 acceptum
1313 1787 1355 1818 est
1362 1789 1444 1819 astus
1453 1784 1545 1820 causa?
1552 1788 1650 1820 astua-

168 1830 235 1864 liter
243 1829 652 1875 praesentialitetqueagentis.
675 1831 758 1863 Dicit
772 1831 861 1862 etiam
876 1830 1030 1863 Iohannes
1046 1831 1156 1864 scotus
1165 1829 1252 1875 super
1262 1843 1269 1863 i
1280 1859 1286 1864 .
1299 1831 1551 1872 sententdist.39.
1569 1834 1650 1865 Non

116 1880 148 1915 D
168 1877 266 1910 modo
278 1876 318 1908 est
328 1879 506 1920 contingens
516 1880 616 1915 causa,
626 1879 693 1920 quia
703 1875 1061 1920 praeexistebatzinteistud
1069 1878 1180 1910 instans
1188 1879 1217 1909 in
1228 1890 1288 1920 quo
1298 1877 1407 1916 causat,
1417 1879 1447 1913 ὀ(
1457 1889 1528 1909 tunc
1539 1889 1569 1911 vt
1578 1890 1651 1923 pra·-

167 1923 294 1955 existens
303 1925 400 1966 potuit
409 1926 529 1955 causare
539 1923 584 1956 vel
594 1935 655 1956 non
665 1922 783 1955 causare
800 1936 809 1960 3
824 1925 894 1965 quia
910 1921 983 1954 sicut
1000 1921 1059 1955 hoc
1069 1934 1135 1962 ens,
1151 1923 1271 1966 quaudo
1281 1924 1333 1962 est,
1349 1924 1389 1956 est
1402 1924 1591 1956 necessarium
1602 1924 1650 1956 vel

166 1969 360 2012 contingens,
375 1969 413 2002 ita
423 1970 505 2002 causa
513 1969 640 2014 quando
649 1970 760 2006 causat,
775 1978 845 1999 tunc
854 1966 951 2001 causat
961 1966 1122 2001 necessario
1133 1969 1180 2001 vel
1191 1971 1400 2012 contingenter
1418 1983 1424 2000 ι
1442 1981 1478 2001 cx
1488 1980 1550 2014 quo
1558 1971 1650 2013 igitur

167 2015 197 2046 in
208 2015 388 2047 istoinstanti
397 2016 537 2048 voluntas
547 2014 644 2047 causat
653 2013 713 2046 hoc
723 2013 811 2050 velle,
826 2015 855 2047 ὅ(
866 2024 927 2045 non
938 2011 1111 2050 necessario.
1127 2014 1199 2046 ideo
1209 2017 1426 2057 contingenter.
1450 2017 1515 2055 Qui
1526 2016 1556 2049 ὅ(
1567 2013 1651 2060 super

167 2059 231 2093 dist.
243 2070 275 2092 2..
285 2059 416 2092 eiusdem
430 2059 467 2092 sic
475 2061 557 2098 dicit,
567 2062 662 2092 Voco
670 2062 880 2102 contingenter
888 2060 1052 2098 causatum,
1067 2062 1152 2092 cuius
1163 2059 1335 2103 oppositum
1347 2062 1440 2102 pollet
1450 2060 1513 2092 fieri
1523 2061 1647 2103 quando

164 2105 239 2138 illud
250 2105 294 2138 fit:
304 2116 396 2149 quare
404 2107 435 2140 ὃ(
445 2106 614 2148 Stephanus
625 2104 792 2138 parisiensis
803 2105 968 2149 Episcopus
978 2105 1132 2139 damnauit
1140 2106 1297 2139 articulum
1308 2105 1481 2139 asserentem
1490 2106 1576 2150 quod
1586 2107 1650 2139 nul-

166 2150 229 2183 lum
239 2162 330 2195 agens
338 2151 423 2184 estad
433 2152 617 2188 Vtrumlibet,
631 2154 696 2184 imo
705 2151 932 2183 determinatur.
960 2152 1121 2183 Otitavum
1131 2151 1351 2184 demonstratur
1360 2162 1398 2183 ex
1407 2153 1535 2195 septimo
1544 2153 1648 2186 iunsto
1711 2161 1729 2191 8

167 2208 277 2239 quarto
295 2210 302 2229 :
320 2197 417 2240 potest
424 2199 512 2230 etiam
522 2197 717 2231 demonstrari
726 2208 762 2229 ex
771 2195 1002 2229 definitionibus
1016 2195 1160 2230 libertatis
1174 2197 1461 2231 contradiffionis&
1470 2195 1556 2229 liberi
1565 2198 1648 2230 a&us

167 2242 220 2281 sui,
235 2254 308 2288 quas
317 2243 510 2276 corollarium
521 2241 846 2286 proximiostendebat.
875 2241 951 2274 Item
969 2241 1163 2276 necessitas&
1172 2243 1291 2276 libertas
1304 2242 1648 2287 quodammodooppo-

167 2299 279 2321 nuntur
289 2303 299 2328 ;
308 2299 382 2332 ergo
392 2288 428 2321 sic
438 2288 548 2322 habent
558 2288 619 2322 ficri
630 2291 707 2321 circa
716 2288 797 2320 idem
810 2288 974 2321 subiestum
983 2288 1013 2322 ὅ(
1022 2299 1142 2331 ternpus
1161 2302 1168 2319 :
1184 2288 1233 2320 sed
1245 2290 1402 2322 necessitas
1410 2288 1519 2321 dicitur
1527 2291 1646 2332 proprie

166 2334 300 2376 respe&u
311 2336 506 2377 praesentis,vt
516 2345 595 2378 patet
607 2346 658 2378 per
665 2333 872 2367 definitiontm
882 2333 963 2366 illam
973 2337 1022 2366 seu
1031 2334 1162 2377 regulam
1173 2333 1209 2367 de
1217 2333 1386 2367 necessitate
1395 2333 1566 2367 naturaliter
1574 2345 1647 2376 pr}

169 2380 292 2413 cedente
301 2379 430 2414 secundo
440 2379 527 2413 huius
536 2378 715 2424 premissam.
734 2381 808 2412 Item
820 2379 986 2411 secundum
996 2380 1122 2424 allegata
1130 2380 1260 2412 secundo
1272 2379 1368 2416 huius,
1385 2382 1492 2413 Omne
1501 2378 1584 2421 quod
1593 2381 1645 2416 est,

114 2430 138 2461 Ε
169 2425 350 2470 quandoest,
358 2425 469 2458 necesse
477 2428 516 2459 est
524 2425 597 2464 esI'e3
609 2426 639 2459 &
647 2437 742 2458 omne
749 2424 832 2469 quod
847 2437 911 2457 non
922 2425 974 2462 est,
984 2425 1108 2470 quando
1118 2437 1182 2457 non
1192 2425 1245 2464 est,
1256 2423 1369 2458 necesse
1377 2426 1416 2457 est
1426 2436 1490 2456 non
1500 2422 1567 2465 esse,
1576 2425 1647 2458 licet

168 2473 250 2515 prius
259 2483 321 2504 non
332 2470 419 2503 fuerit
428 2470 538 2505 necesse
545 2483 625 2505 nunc
634 2471 672 2504 sic
679 2470 749 2510 effe,
766 2470 814 2504 vel
830 2483 893 2503 non
909 2469 976 2509 esse,
991 2482 1045 2504 nec
1062 2483 1142 2504 nunc
1160 2470 1192 2504 sit
1207 2472 1318 2504 necesse
1329 2472 1396 2514 post
1405 2471 1442 2502 sic
1452 2469 1517 2503 fore
1526 2470 1572 2504 vel
1581 2482 1645 2503 non

169 2517 235 2548 fore
249 2532 259 2555 3
275 2529 347 2560 ergo
358 2517 514 2550 necessitas
523 2519 654 2550 maxime
664 2516 772 2550 dicitur
789 2515 922 2560 respestu
932 2515 1090 2560 praesentis.
1114 2518 1189 2549 Item
1204 2516 1276 2549 nihil
1285 2517 1406 2560 proprie
1417 2516 1523 2550 dicitur
1532 2515 1645 2550 necesse

170 2560 238 2601 esse,
255 2565 323 2607 quia
333 2565 413 2606 ptius
422 2575 484 2595 non
493 2565 603 2606 potuit,
622 2563 668 2595 vel
686 2574 767 2595 nunc
779 2573 840 2594 non
851 2563 961 2607 porest‚
978 2562 1027 2595 vel
1040 2565 1070 2594 in
1088 2564 1223 2595 futurum
1235 2575 1298 2595 non
1308 2564 1416 2606 poterit
1426 2574 1487 2594 non
1498 2562 1554 2594 esse
1572 2574 1580 2596 ⁸,
1596 2562 1645 2595 sed

170 2619 292 2652 propter
300 2609 409 2651 aliquid
420 2608 592 2652 positiuum,
605 2609 841 2652 scilicetptoptet
850 2607 1070 2641 vehementiam
1081 2606 1200 2645 essendi,
1209 2607 1278 2641 sicut
1290 2607 1412 2650 septima
1424 2619 1491 2652 pai-s
1503 2618 1512 2639 1
1526 2610 1646 2651 3.primi

170 2653 272 2686 docet.
297 2655 370 2687 Item
383 2657 456 2697 ignis
467 2655 496 2686 in
507 2656 607 2693 primo
617 2656 734 2687 instanti
744 2656 782 2687 sui
791 2654 859 2692 esse,
870 2652 888 2686 si
896 2664 979 2686 torus
990 2654 1089 2687 subito
1098 2665 1253 2690 crearetur,
1262 2654 1298 2687 dc
1308 2652 1477 2687 necessitate
1486 2654 1594 2686 luceret
1607 2666 1614 2687 ς
1626 2652 1645 2684 st

169 2699 347 2732 illuminatio
356 2698 387 2732 sit
395 2698 574 2737 subira,i“1cu1
584 2702 708 2741 ponitur
718 2701 734 2732 a
744 2699 970 2745 quibusdam‚&
981 2712 1043 2732 non
1054 2711 1175 2744 propter
1183 2700 1296 2743 aliquid
1305 2701 1367 2733 cius
1377 2699 1462 2744 quod
1473 2697 1645 2742 praecesserit

171 2756 319 2788 tempore,
329 2746 374 2778 vel
382 2748 470 2779 etiam
482 2745 659 2791 sequeretur,
668 2746 715 2776 sed
724 2757 844 2788 propter
853 2745 911 2778 hoc
920 2756 1051 2783 tantum,
1068 2749 1137 2789 quia
1146 2743 1213 2779 esset
1221 2747 1353 2779 astiuum
1364 2745 1545 2784 irrationale,
1559 2745 1644 2786 quod

170 2790 210 2822 de
217 2791 386 2824 necessitate
394 2802 505 2824 naturae
515 2793 575 2834 agit
585 2792 654 2823 ciim
665 2793 772 2834 potest.
784 2791 857 2824 Item
866 2793 952 2825 Deus
959 2791 996 2825 de
1005 2792 1177 2824 necessitate
1185 2791 1238 2827 est,
1248 2794 1344 2834 gignit
1353 2790 1549 2832 filium,atque
1558 2791 1645 2823 intel·

170 2836 249 2882 ligst,
266 2847 327 2869 non
345 2848 444 2870 tamen
460 2848 583 2881 propter
597 2848 809 2881 quemcunque
825 2839 991 2880 respectum
1007 2837 1044 2870 ad
1054 2848 1173 2879 tempus
1186 2839 1366 2881 praeteritum
1377 2837 1423 2870 vel
1433 2839 1580 2874 stitutum,
1594 2834 1644 2869 sed

1520 2883 1643 2925 proprie
