1985 3130
136 167 185 216 C
202 185 227 213 A
246 184 286 214 ι».
315 178 378 211 ιο.
767 163 843 213 De
861 163 980 229 Caifiz
1001 164 1116 214 Det.
1705 180 1789 225 681

136 266 166 298 Α
190 261 267 296 seius
274 260 316 295 est
326 261 424 297 Deus,
432 260 545 304 inquis,
553 271 746 304 peccaturum
755 261 811 294 essc
820 260 990 300 hominem,
1010 261 1131 293 necesstt
1141 260 1180 292 est
1189 270 1220 292 vt
1229 270 1331 303 peccet
1345 275 1355 300 3
1373 261 1392 294 si
1401 272 1500 296 autem
1509 265 1623 298 neeesse
1632 267 1683 307 est,

190 319 258 342 non
265 318 338 351 ergo
344 306 384 338 est
392 308 422 338 in
431 309 588 350 peccando
595 307 761 339 voluntatis
769 306 937 345 arbitrium,
952 307 999 338 sed
1013 308 1113 350 potius
1122 304 1304 338 menitabilis
1314 306 1343 340 ἃ
1353 306 1410 341 fixa
1421 310 1578 343 necessitas
1596 326 1607 350 ς
1623 323 1681 356 qua

189 355 422 388 ratiocinatione
431 352 494 384 hoc
502 352 640 385 videlicet
650 363 688 384 ne
698 351 886 388 conficiatur,
904 353 992 383 times
1011 363 1042 384 vt
1057 363 1108 384 aut
1122 350 1211 383 Deus
1221 351 1390 385 futurorum
1400 358 1540 388 omnium
1547 358 1679 399 praescius

187 402 283 443 impie
292 408 425 442 negetur,
436 408 485 430 aut
494 397 515 429 si
524 397 583 431 hoc
590 409 700 442 negare
710 409 771 429 uon
782 395 947 440 possumus,
965 398 1111 430 fateamur
1119 406 1189 428 non
1201 398 1356 431 voluntate
1364 397 1414 431 sed
1426 402 1601 435 necessitate
1609 416 1679 446 pec-

187 456 266 478 care.
283 443 448 478 Etinferi'us
457 443 598 486 adhuc4.
615 444 678 477 Sub
695 446 817 475 nominc
832 443 1147 486 discipuliscribitut&
1164 444 1371 486 quaeriturisso
1381 446 1479 479 modo
1497 461 1506 485 5
1524 447 1678 481 Nondum

188 489 453 536 videoquomodo
469 488 522 521 sibi
537 500 600 522 non
618 487 954 522 aduersanturliaecduo
970 501 978 523 ς
992 487 1171 532 praescientia
1183 489 1246 521 Dei
1256 489 1294 521 de
1304 494 1431 532 peccatis
1442 493 1562 533 nostris,
1578 496 1608 529 ὀ(
1624 506 1677 528 no-

186 534 615 580 struminpeccandoliberum
623 535 786 568 arbitrium.
804 535 888 566 Nam
903 535 933 568 a&
947 536 1052 567 iustum
1072 534 1173 566 Deum
1193 533 1356 568 neceffeest
1368 537 1514 570 fateamur
1524 540 1676 584 &praesc1'-

187 593 240 614 um
258 596 268 620 3
286 582 335 614 sed
346 581 417 613 (cire
426 580 545 620 vellem,
558 592 617 625 qua
625 581 732 613 iustitia
740 583 842 624 puniat
851 591 971 622 peccata
980 591 1046 625 quae
1056 578 1168 612 necesse
1177 593 1190 612 e
1200 581 1221 612 st
1231 580 1292 613 fieri
1309 588 1317 609 ?
1336 593 1387 613 atit
1397 585 1557 626 quomodo
1566 597 1629 619 non
1642 587 1676 620 sit

186 626 301 661 necesse
310 626 384 662 fieri,
393 638 458 670 quae
469 627 568 660 futura
576 627 631 660 effe
641 625 806 672 praesciuit?
821 636 873 657 aut
881 626 1044 670 quomodo
1052 636 1175 658 creatori
1185 638 1203 659 n
1212 637 1252 658 on
1264 626 1472 669 deputandum
1482 632 1521 662 est
1531 632 1616 676 quicq
1623 633 1673 664 uid

184 675 216 706 ‘in
227 674 428 707 eiuscrearura
439 672 499 705 fieti
508 671 622 705 necess'e
631 674 669 705 est
680 680 689 704 Ξ
701 683 790 716 quam
801 672 1207 716 quaestionem,opponendo
1216 674 1250 708 851
1259 673 1590 715 respondendo,difluse
1601 689 1674 721 pro·

186 719 320 763 sequitur
327 718 429 750 multis
436 719 570 762 capitulis
579 720 800 763 consequenter.
822 717 904 752 Idem
915 717 951 751 de
961 729 1027 749 veta
1038 719 1066 752 ἁ
1078 718 1146 750 falsa
1156 719 1341 761 poenitentia
1353 720 1382 752 8.
1403 722 1492 761 Sunt,
1502 724 1610 766 inquit,
1621 735 1672 767 qut

185 763 480 806 defenduntculpam
489 775 526 797 ex
535 765 590 797 Dei
600 766 802 809 prouidentia,
820 774 987 806 reputantes
996 765 1054 795 Dei
1064 764 1253 798 ordinationi
1270 763 1300 798 ὅ(
1314 767 1489 804 necessitati,
1509 769 1590 811 quod
1607 770 1672 802 reli-

132 801 156 834 Β
185 810 269 843 &um
279 812 317 843 est
325 809 511 843 voluntati&
527 810 638 848 arbitrii
650 810 786 843 libertati.
811 809 954 852 Idemque
970 812 1000 842 in
1015 809 1223 842 confutatione
1236 808 1389 842 catholica
1407 818 1454 844 16.
1470 815 1670 856 capitulorum
1691 815 1845 855 Augustinus.

184 854 240 889 fibi
249 867 301 900 per
310 855 489 898 Pelagianos
499 854 573 888 ffilso
582 858 807 899 impurarorum,
822 857 925 887 recitat
940 854 1142 888 obieetionem
1154 866 1257 887 eorum
1272 865 1286 886 ι’
1296 865 1325 895 3.
1335 858 1364 888 in
1376 857 1439 890 haec
1450 859 1551 897 verba,
1568 862 1669 901 Qubd

184 912 293 935 omnes
302 900 451 933 fideles-illi
462 902 492 935 ὅ(
503 902 608 940 ianm,
625 905 676 945 qui
687 902 723 933 ad
734 912 874 933 aeternam
884 911 1015 934 mortem
1033 900 1226 944 pra-destinati
1239 900 1319 938 sunt.
1338 904 1462 946 quando
1471 904 1508 938 ad
1517 916 1669 940 vomitum

184 948 273 980 suurn
281 946 466 982 relabuntur,
482 949 556 979 vitio
572 948 660 979 etiam
670 946 720 979 suo
730 947 788 979 hoc
803 946 899 979 facere
908 947 1056 984 videntur,
1071 947 1120 980 fied
1128 946 1219 990 ipsius
1229 948 1293 984 vitij
1309 947 1392 980 causa
1402 952 1441 982 est
1449 950 1548 982 diuina
1556 953 1670 994 praede-

184 994 315 1031 sturmio,
332 1002 396 1035 quae
405 992 458 1024 illis
466 991 593 1024 latenter
600 991 743 1025 subtrahit
754 991 850 1025 bonas
859 993 1038 1029 voluntates,
1057 992 1140 1036 quod
1150 992 1179 1024 ἃ
1188 993 1288 1025 multae
1296 993 1361 1026 :thae
1370 995 1553 1029 obieffloncs
1562 1008 1667 1031 eorum

185 1039 362 1071 ibirecitarae
372 1037 570 1080 pretendunt.
594 1038 739 1078 Quare&
750 1038 803 1082 ipfi
821 1038 968 1080 Pelagiani
983 1038 1271 1080 praedestinationem
1289 1037 1462 1082 simpliciter
1471 1040 1670 1085 abnegarunt,

186 1083 536 1117 veleamtantsimscvix
553 1087 582 1117 in
599 1083 708 1116 Christi
726 1084 880 1127 Apostolis
898 1082 1114 1122 concesserunt,
1131 1083 1202 1116 sicut
1220 1084 1304 1117 multi
1322 1086 1390 1118 libri
1403 1088 1668 1129 Augustinioslen-

187 1130 277 1169 dunt,
295 1130 343 1161 sed
352 1129 598 1172 specialiterliber
606 1128 735 1162 debono
746 1129 969 1173 perseueranti-‘e
980 1129 1080 1162 multis
1091 1131 1229 1172 capitulis
1240 1130 1336 1163 versus
1348 1130 1441 1164 finem
1454 1133 1667 1175 ,specialssime

186 1175 344 1209 veroliber
353 1176 413 1206 eius
425 1174 461 1205 de
470 1174 724 1218 praedestinatione
732 1186 834 1208 contra
852 1175 1042 1218 Pelagianm,
1059 1177 1090 1207 in
1105 1186 1168 1219 quo
1183 1187 1234 1218 per
1250 1176 1425 1220 scriptur-nm
1437 1181 1623 1219 canonicam,
1637 1183 1668 1216 ὅ(

184 1233 239 1267 per
247 1224 396 1254 rationem
408 1219 535 1254 similiter
543 1220 674 1254 ostendit
684 1221 970 1264 praedestinationem
980 1220 1111 1253 diuinam
1121 1222 1296 1264 generaliter
1306 1223 1537 1256 concedendam
1548 1236 1556 1258 ;
1576 1228 1626 1268 qui
1636 1227 1669 1259 li-

184 1268 239 1300 ber
247 1270 311 1301 eius
322 1267 495 1299 immediate
505 1265 594 1300 debet
603 1269 768 1311 sequiopus
776 1268 836 1298 eius
847 1266 1019 1310 praedistum
1030 1267 1067 1298 de
1075 1267 1283 1300 confutatione
1294 1278 1303 1299 1
1313 1269 1549 1312 6.capitt=10rum
1558 1282 1609 1313 per
1619 1271 1670 1306 Pe-

184 1314 323 1358 lagianos
333 1313 384 1345 fibi
394 1312 594 1350 obiestorum
604 1313 683 1346 vnde
692 1314 721 1348 ὃ(
731 1324 759 1344 iii
769 1314 831 1345 eius
840 1314 986 1356 principio
995 1314 1034 1344 ita
1044 1313 1253 1351 dicit,Addere
1262 1316 1350 1347 eiiam
1361 1314 1426 1348 haec
1435 1327 1524 1357 quam
1535 1319 1668 1350 maxime

130 1360 160 1393 C
184 1360 258 1394 huic
266 1360 365 1405 operi,
378 1357 416 1390 de
424 1357 470 1390 his
478 1359 587 1391 scilicet
600 1364 648 1392 16.
666 1359 801 1402 capitulis
812 1370 889 1390 nuuc
899 1359 1047 1401 praemiffo
1058 1369 1192 1401 oportet,
1206 1370 1237 1391 vt
1248 1361 1277 1394 ἃ
1287 1362 1382 1393 vestra
1396 1361 1558 1401 calumnia,
1575 1374 1667 1406 qnam

184 1405 321 1444 obiicere
334 1402 421 1437 nobis
430 1404 538 1441 soletis,
554 1415 607 1448 per
622 1405 873 1437 illuminationem
884 1406 986 1448 gratiae
996 1405 1161 1439 Saluatoris
1170 1406 1351 1448 reuincatur‚
1363 1406 1427 1440 imo
1435 1407 1625 1447 confutetur,
1638 1410 1670 1444 ἃ

185 1453 292 1485 nostrae
303 1449 372 1483 fidei
380 1451 532 1493 integritas
541 1449 767 1494 comprobetur.
787 1450 921 1483 Credere
929 1462 985 1483 nos
992 1454 1108 1496 quippe
1118 1450 1164 1484 vel
1183 1451 1342 1493 praedicare
1352 1454 1505 1496 flagitatis,
1518 1458 1591 1498 quia
1599 1465 1669 1488 cum

186 1498 253 1541 lege
261 1498 318 1529 Dei
329 1496 359 1530 ὃ(
370 1496 542 1539 Prophetis,
555 1507 623 1528 cum
636 1497 802 1540 Euangelio
812 1495 921 1529 Christi
930 1497 1052 1541 eiusque
1060 1499 1088 1528 A
1093 1497 1215 1540 postolis
1225 1498 1517 1541 praedestinationum
1528 1498 1668 1537 dicimus,

185 1542 272 1587 quod
282 1541 428 1586 quosdam
438 1541 583 1574 homines
592 1542 629 1574 fic
637 1541 822 1586 praedestinat
829 1544 866 1574 ad
878 1545 969 1575 vitam
978 1544 1061 1586 regni
1070 1543 1234 1581 coelorum,
1244 1542 1302 1576 vtfi
1313 1544 1413 1577 nolint
1421 1546 1668 1583 orare,ieiunare,

184 1590 274 1622 autin
283 1589 368 1621 omni
375 1598 465 1630 opere
474 1588 580 1621 diuino
590 1589 695 1632 vigiles
704 1589 772 1625 effe,
781 1599 836 1622 eos
844 1587 973 1621 omnino
982 1591 1076 1631 perire
1085 1600 1146 1621 non
1156 1587 1309 1632 polscmcc
1318 1587 1436 1634 prorsus
1445 1588 1555 1624 debere
1564 1589 1604 1624 sui
1611 1592 1670 1624 effe

184 1634 340 1671 ionicitos,
349 1644 426 1678 quos
436 1635 531 1671 Deus,
541 1645 610 1678 quia
617 1635 727 1674 voluit,
737 1634 825 1667 semel
833 1635 891 1667 iam
900 1634 1039 1677 eligendo
1047 1635 1264 1679 praedestinauit
1272 1635 1309 1668 ad
1320 1638 1412 1669 vitam
1421 1649 1428 1671 3
1440 1634 1584 1679 quosdam
1593 1637 1669 1670 vero

185 1679 404 1725 praedestinauit
412 1679 442 1710 in
451 1679 598 1723 gehennae
606 1691 742 1724 poenam,
758 1691 789 1714 vt
805 1679 917 1713 etiamsi
928 1679 1048 1713 credere
1056 1682 1159 1720 velint,
1175 1679 1194 1712 fi
1207 1683 1325 1719 ieiuniis
1333 1683 1363 1717 &
1372 1682 1559 1715 orationibus
1570 1685 1669 1716 omni-

186 1737 247 1771 que
254 1724 283 1757 se
291 1726 439 1758 voluntati
447 1725 557 1759 diuinae
565 1724 753 1766 subiecerint,
764 1727 792 1758 in
804 1725 848 1759 his
858 1729 960 1759 Deum
970 1738 1031 1759 non
1042 1727 1190 1763 delcstari,
1201 1728 1231 1761 ὅ(
1240 1730 1330 1760 vitam
1341 1728 1396 1760 illis
1404 1738 1547 1761 :eternam
1558 1729 1587 1760 in
1600 1739 1668 1762 toto

187 1773 250 1804 dari
259 1783 323 1804 non
333 1769 425 1814 posse.
451 1773 488 1806 Et
498 1774 572 1805 inira
581 1772 690 1805 eodem
701 1772 755 1805 vlt.
774 1771 1068 1806 Praedestinationem
1079 1776 1167 1816 igitur
1177 1783 1296 1816 negare,
1309 1784 1398 1818 quam
1409 1773 1489 1817 apud
1498 1775 1600 1806 Deum
1611 1773 1668 1807 else

186 1816 314 1850 breuiter
323 1817 531 1860 probauimus,
546 1819 575 1850 in
584 1820 677 1851 maius
687 1817 872 1860 blasphemia
880 1819 930 1854 est,
947 1828 1039 1862 quarn
1050 1830 1107 1851 non
1119 1818 1236 1851 rantum
1245 1818 1314 1852 sicut
1324 1818 1424 1852 soletis
1432 1820 1568 1852 dicerein
1579 1820 1668 1864 Apo-

187 1862 418 1897 stolisdebemus
426 1864 569 1905 accipere,
582 1864 631 1895 sed
647 1864 716 1898 &in
733 1863 918 1902 PatriarchiS,
934 1863 1101 1906 Prophetis,
1118 1863 1312 1906 Martyribus,
1327 1867 1357 1899 ὅ(
1376 1862 1620 1903 confessoribus,
1637 1867 1666 1898 in

133 1912 166 1947 D
188 1907 333 1941 omnibus
342 1906 486 1942 sanffls&
495 1909 564 1941 Deo
574 1909 665 1952 digne
677 1908 880 1942 seruientibus.
898 1908 990 1942 Porro
1000 1909 1069 1941 cum
1078 1908 1243 1942 intellectus
1253 1910 1404 1942 dierorum
1413 1922 1448 1942 ex
1457 1908 1539 1943 causa
1546 1910 1666 1944 dicendi

187 1953 397 1988 rationabiliter
407 1954 440 1985 sit
450 1953 627 1997 pensandus,
644 1953 656 1977 ⁸
666 1955 881 1995 confidcrandum
890 1955 929 1987 est
947 1954 1032 1988 valde
1044 1956 1163 1988 inlibris
1175 1956 1330 1987 Autorum
1342 1955 1546 1989 refellentibus
1556 1955 1614 1989 hos
1623 1967 1665 1988 er-
1686 1958 1700 1996 Η
1722 1958 1853 1988 confiten-

187 2010 281 2035 rotes,
290 2001 359 2044 quis
368 2006 399 2033 &
409 1997 556 2042 vbiquem
567 2000 690 2035 refellat,
710 2002 831 2035 &iuxta
839 2000 901 2034 haec
909 2002 1142 2043 oporteteliccre
1151 2001 1300 2033 difiiorum
1312 2004 1451 2034 omnium
1468 2002 1664 2034 inteileeium.
1685 2001 1750 2027 dum

188 2045 252 2078 Vbi
261 2057 396 2091 namque
404 2045 639 2078 contradicendo
650 2047 747 2089 primo
755 2046 876 2079 istorum
886 2057 1022 2079 errorum
1032 2047 1133 2079 dicunt
1148 2046 1284 2080 absolut'e
1302 2049 1383 2078 astus
1393 2046 1545 2079 humanos
1556 2058 1617 2079 non
1627 2058 1664 2080 ex

187 2089 369 2127 necessitate,
386 2091 433 2123 sed
443 2090 533 2124 libere
545 2092 718 2135 prouenire,
733 2092 959 2134 intelligendum
970 2094 1008 2125 est
1018 2092 1054 2124 de
1064 2090 1229 2125 necestitate
1239 2104 1358 2129 nnrurae,
1371 2094 1400 2126 ὅ(
1412 2093 1448 2125 de
1457 2092 1593 2125 libertate
1611 2092 1663 2124 sibi

186 2135 337 2180 opposita,
351 2136 423 2170 ficut
432 2137 462 2170 &
470 2136 649 2171 aduerfiirius
660 2137 804 2169 intellexit
816 2151 822 2168 ε
834 2138 993 2171 3Ιίὲεεηιηι
1005 2150 1067 2171 ηοη
1077 2136 1146 2170 effct
1157 2149 1241 2170 verus
1249 2138 1458 2175 elenclms,nec
1468 2150 1534 2171 vera
1543 2149 1663 2170 contra-

186 2181 280 2214 dictio
291 2192 397 2215 contra
412 2182 516 2226 ipsum.
538 2183 622 2215 Nam
640 2182 801 2215 secundum
813 2182 1028 2226 Philosophum
1043 2182 1281 2219 i.elench0rum‚
1298 2183 1394 2216 vbide
1404 2185 1571 2228 ignorantia
1581 2183 1663 2215 eleu-

186 2227 235 2260 chi
246 2226 436 2266 determinat,
445 2227 592 2261 Elenchus
602 2231 641 2261 est
651 2228 852 2261 contradifflo
860 2229 987 2261 eiusdem
999 2236 1027 2262 asc
1039 2232 1136 2267 Vnius,
1154 2240 1216 2260 non
1227 2231 1360 2263 nominis
1370 2229 1501 2265 tantum,
1518 2230 1564 2260 led
1581 2230 1621 2261 rei
1631 2235 1661 2261 3<

187 2275 321 2306 nominis
328 2273 492 2307 secundum
501 2273 580 2307 idem
589 2274 618 2308 ὅ(
627 2274 751 2307 :ididem
763 2287 770 2305 ε
782 2272 831 2305 vbi
842 2275 914 2307 νει-ὀ
923 2275 1129 2318 redarguendo
1138 2274 1309 2310 secundum,
1318 2275 1375 2307 tale
1384 2274 1456 2318 quid
1465 2275 1665 2309 dicunr‚intel-

187 2318 342 2362 ligendurn
350 2322 389 2352 est
399 2320 436 2351 de
447 2318 616 2353 necessitate
624 2320 704 2352 fatali
714 2319 870 2354 stellarum¹
888 2325 918 2355 ὅ(
935 2320 1272 2353 decontrarialibertate
1289 2334 1295 2352 :
1312 2320 1361 2352 vbi
1372 2331 1471 2354 autem
1481 2322 1600 2353 tertium
1619 2331 1664 2353 re-

187 2363 350 2409 probando
359 2377 514 2399 remouent
524 2365 725 2398 necessitatem
737 2365 903 2408 simpliciter
913 2377 1056 2411 ponentes
1066 2365 1187 2399 liberam
1196 2365 1616 2410 potestatem.imelligendum
1627 2367 1665 2398 est

188 2410 226 2444 de
236 2409 406 2444 necessitate
415 2423 450 2443 ex
461 2422 543 2454 parte
551 2414 607 2444 Dei
624 2413 814 2456 praeicientis,
833 2412 880 2443 vel
893 2412 1038 2455 quidlibet
1055 2411 1147 2444 fimile
1165 2412 1300 2444 facientis
1310 2412 1453 2445 violenter
1462 2423 1601 2455 cogente.
1613 2422 1665 2443 ex-

136 2463 159 2493 Ε
189 2457 310 2489 cusante
319 2468 485 2500 peccatum,
501 2459 701 2500 meritumque
709 2457 845 2496 tollente,
862 2459 891 2492 ὃ(
899 2457 1000 2491 cortes
995 2458 1189 2501 pondentere
1206 2459 1356 2490 contrario
1366 2456 1503 2490 delibera
1512 2456 1669 2501 potestate.

188 2502 398 2545 Qamobrem
409 2503 529 2535 vlterius
537 2504 576 2534 est
587 2502 752 2539 sciendum,
763 2503 849 2548 quod
857 2505 986 2546 primum
995 2504 1117 2536 istorum
1127 2514 1260 2537 errorum
1272 2501 1393 2536 destruit
1401 2501 1606 2546 Philosophus
1617 2514 1667 2546 ge—

190 2546 603 2592 neraliter9.Metaphys.ie.
618 2550 649 2582 ὅ(
660 2549 735 2592 post,
751 2548 822 2582 sicut
835 2561 866 2590 4.
880 2549 965 2581 huius
974 2548 1090 2592 plenius
1105 2549 1258 2591 alleganti,
1277 2548 1325 2586 alij
1340 2547 1667 2592 quoquemultiPhilo-

189 2592 275 2636 sophi
284 2593 433 2630 alijslocis
442 2592 550 2626 multis.
579 2594 670 2626 Vnde
688 2594 957 2628 Ammoniusssvbi
973 2597 1065 2638 prius,
1078 2595 1181 2628 recitat
1197 2595 1376 2636 opinionem
1397 2593 1547 2626 dicentem
1563 2595 1666 2626 omnia
1685 2593 1698 2631 ΙΙ
1714 2602 1743 2622 vt

189 2641 310 2671 euenire
317 2650 354 2672 ex
364 2639 542 2679 necessitate,
551 2640 581 2674 ὅ(
590 2639 647 2672 hoc
655 2641 750 2682 ipsum
759 2651 796 2672 ex
804 2640 977 2675 necessitate
986 2642 1102 2674 euenire
1113 2651 1145 2673 vt
1156 2639 1268 2679 dicant,
1280 2640 1365 2684 quod
1377 2641 1481 2671 omnia
1492 2638 1558 2673 sunt
1568 2640 1666 2672 neces-

190 2683 275 2722 sana,
285 2684 331 2718 vel
340 2685 427 2728 quod
438 2688 541 2718 omnia
550 2684 652 2718 suntin
663 2685 754 2718 nobis
764 2698 772 2722 ς
781 2698 870 2729 quam
879 2684 1021 2729 reprobat
1030 2688 1083 2719 isto
1093 2685 1204 2719 modo:
1222 2686 1253 2718 Si
1263 2686 1383 2730 quidem
1391 2685 1554 2718 secundum
1563 2695 1667 2717 verum

191 2731 243 2766 est,
259 2741 320 2762 non
330 2742 432 2764 omnia
442 2741 475 2761 ex
487 2732 658 2764 necelsitate
678 2746 688 2770 ς
705 2731 724 2762 fi
740 2742 838 2764 autem
848 2733 992 2775 primum,
1005 2732 1164 2776 quomodo
1180 2732 1386 2774 opinabuntur
1402 2730 1525 2774 quidam
1542 2729 1665 2774 opposi-

192 2785 272 2815 tum,
286 2776 374 2820 quod
384 2776 478 2809 multa
489 2775 580 2809 sintin
591 2776 678 2810 nobis
696 2784 705 2806 ἓ
724 2778 752 2808 Α
764 2788 868 2810 natura
877 2780 956 2811 enim
964 2780 1068 2810 omnia
1077 2777 1239 2810 necessarie
1247 2776 1448 2821 producente,
1462 2787 1494 2808 vr
1504 2776 1666 2820 ponitillo-

192 2832 259 2853 rum
268 2819 498 2860 sermo,moucri
508 2834 563 2855 nos
572 2834 676 2865 praeter
685 2833 822 2856 naturam
832 2823 868 2857 ad
877 2822 1115 2856 sententiantium
1125 2833 1232 2855 contra
1244 2834 1278 2855 ea
1289 2835 1353 2867 quae
1363 2822 1437 2855 fiunt
1446 2821 1482 2855 ab
1493 2820 1568 2865 ipsa,
1582 2822 1666 2866 peni-

191 2877 238 2901 tus
247 2865 380 2901 mirabile
389 2875 419 2903 ει
429 2867 668 2902 consimile:th
676 2871 740 2912 quis
749 2867 960 2903 medicatiuam
970 2879 1063 2903 artem
1073 2869 1196 2906 docens,
1208 2881 1258 2913 pet
1266 2868 1326 2901 hoc
1335 2870 1431 2912 ipsum
1441 2868 1577 2901 instruxit
1585 2867 1666 2944 disci-

1580 2925 1619 2956 pu
1633 2921 1669 2945 os
