1985 3130
114 156 164 207 C
180 175 206 203 A
224 174 266 204 P.
292 159 369 201 26.
737 148 813 200 De
830 150 951 216 Cassa
972 151 1077 202 Dei.
1672 173 1763 225 703

114 256 145 288 A
170 265 202 286 re
210 251 286 285 illud
297 248 353 283 effe
361 261 438 283 nunc
449 250 591 292 praesetis,
615 248 701 292 quod
715 249 803 281 etiam
813 245 926 280 necesse
935 250 974 281 est
991 249 1094 280 Deum
1106 247 1176 281 scite
1186 249 1258 282 illud
1268 248 1324 282 effe
1332 252 1511 294 praeteriturn
1520 261 1553 284 :ic
1563 251 1656 288 fuiffe.

169 300 208 331 Et
217 298 280 331 haec
289 298 329 329 est
338 297 530 329 communior
539 297 569 329 ὀι
585 293 727 327 famosior
737 293 817 336 apud
827 293 1036 326 moderniores
1046 294 1251 337 Pliilosophos
1260 319 1270 333 ‚
1291 306 1382 339 atque
1399 295 1582 340 Theologos
1592 322 1603 337 ,
1622 305 1653 331 &

169 344 318 388 praecipue
329 342 407 386 apud
421 340 587 378 Nostrates,
604 341 634 374 ὅ(
648 339 730 385 quafi
740 338 800 372 sola
812 339 849 371 ab
859 350 901 371 eis
913 339 1107 372 concorditer
1115 340 1290 383 approbata.
1318 344 1460 385 Qorum
1469 353 1538 375 ante
1548 347 1653 377 omnia

169 390 256 423 flexis
264 388 391 433 genibus
400 386 499 417 cordis
510 388 568 417 mei
578 386 709 427 imploro
725 384 878 417 humiliter
893 384 1056 428 benignam
1073 388 1248 428 patientiam
1264 386 1413 421 charitatis
1430 392 1510 432 (quae
1524 386 1573 420 sua
1588 401 1650 422 non

168 436 310 478 quaeritin
320 432 524 478 praeiudicium
535 433 676 469 veritatis,
685 442 739 463 nec
747 432 878 462 irritatur
887 430 907 461 fi
917 440 982 474 quis
989 431 1136 464 elucidare
1144 432 1285 464 studuerit
1291 434 1454 471 veritatem,
1461 434 1510 466 (ed
1519 444 1637 478 congau

169 481 221 514 det
228 479 380 513 elucidatae
392 479 408 510 ὲ
416 477 553 521 quolibet
564 477 691 512 veritati,
708 478 810 509 omnia
820 487 886 508 vcra
896 476 1030 516 credens,
1048 477 1077 511 ἂ
1086 475 1228 510 sustinens
1239 479 1383 520 vniuersa)
1402 479 1575 523 quatenusfi
1585 492 1649 515 non

168 537 244 570 ego,
260 525 309 558 led
317 527 347 557 in
358 535 407 556 me
415 529 444 558 ὁι
453 534 504 566 per
513 534 561 555 me
569 523 686 567 spiritus
696 523 824 555 veritaris
832 522 890 565 aliq
896 532 965 553 uam
977 525 1130 556 veritatem
1139 526 1276 566 prolerre
1284 523 1423 567 dignetur
1431 525 1499 557 huic
1506 527 1648 568 opinioni

167 571 292 604 foriitan
309 580 538 613 repugnantem,
555 569 721 602 nullatenus
739 568 931 607 aemulentur,
944 569 1113 601 nullatenus
1128 570 1289 608 irritentur,
1303 570 1471 603 nullatenus
1487 573 1645 615 indignen-

169 627 230 654 tur,
247 628 284 649 ne
293 617 424 648 fortaisis
434 626 496 647 non
509 614 596 655 mihi,
613 613 660 646 sed
674 611 787 658 spiritui
796 613 899 645 sancto
908 616 1003 657 magis
1014 613 1141 647 resistere
1150 625 1381 648 conuincantur.
1409 617 1492 649 Nam
1501 618 1644 660 quicquid

168 672 273 695 verum
284 662 300 693 a
309 671 495 706 quocunque
506 660 628 699 dicitur,
645 660 661 690 Ξι
672 658 773 692 sancto
781 659 880 702 spiritu
891 660 1011 697 dicitur,
1030 658 1283 693 sicutvicefimum
1293 661 1414 693 secundi
1432 663 1448 694 ὲ
1466 662 1555 695 beato
1565 665 1642 696 Arn-

168 707 270 740 brofio
286 709 429 745 recitauit,
444 705 492 738 ied
510 717 542 738 vt
556 708 614 739 veri
631 704 683 742 filij
695 704 707 721 '¹
715 704 856 737 charitatis
872 705 1097 748 congaudeant,
1110 706 1244 746 credant,
1260 708 1290 742 ἀ
1308 708 1464 741 sustineant
1481 710 1644 742 veritatem.
1666 710 1679 750 ΙΙ
1696 712 1812 742 vei-itatis

168 755 247 786 Non
256 756 338 786 enim
345 754 386 786 est
395 751 551 785 mediocre
561 751 723 795 periculum
733 753 763 783 in
774 752 893 784 scientia
904 754 1031 784 veritatis
1039 752 1122 784 noiie
1130 747 1261 785 deserere
1272 754 1423 796 pristinam
1435 754 1503 787 licet
1512 758 1646 798 agnitam

115 787 141 821 Β
168 798 337 836 falsitatem,
353 798 414 831 sola
424 797 558 840 superbia
567 795 758 841 prohibente.
783 796 875 830 Vnde
884 798 912 829 A
917 797 1053 840 poilolus
1060 808 1087 829 2.
1099 797 1136 830 ad
1149 797 1283 831 Theflal.
1291 809 1318 831 ι..
1335 799 1523 833 Chariratem
1540 801 1649 833 verita-
1666 805 1818 843 aposlolus,

168 848 205 878 tis
213 856 276 877 non
285 854 471 888 receperunt,
488 854 520 876 vt
528 842 598 877 salui
607 842 724 879 fierent,
742 843 848 877 &ideo
859 845 954 875 mittet
963 842 1019 876 illis
1029 844 1115 876 Deus
1126 845 1336 886 operationem
1346 847 1467 884 erroris,
1484 856 1516 878 Vt
1526 846 1648 880 credant

166 890 339 930 mendacio,
355 896 386 923 &
396 889 601 923 Vtiudi'centur
609 899 716 921 omnes
725 889 848 932 quinon
858 888 1049 921 crediderunt
1060 889 1190 926 veritati,
1203 889 1251 922 sed
1268 889 1479 924 consenserunt
1487 893 1648 935 iniquitati.

167 937 346 970 Nosautem
356 946 416 968 non
427 937 479 976 ita,
498 934 547 967 sed
562 934 722 967 secundum
734 934 864 967 eiusdem
881 934 1023 976 Apostoli
1041 935 1153 967 salubre
1167 935 1325 968 confilium
1342 936 1530 980 deponentes
1543 937 1650 972 secun-

168 982 243 1014 dum
252 982 403 1025 pristinam
414 981 673 1014 conuersationem
682 990 814 1013 veterem
821 979 994 1018 hominem,
1010 983 1058 1023 qni
1068 983 1271 1022 corrumpitur
1279 982 1442 1014 secundum
1457 981 1599 1016 desideria
1607 995 1650 1016 er-

167 1030 258 1067 roris,
271 1039 456 1061 renouemur
464 1028 562 1071 spiriru
571 1028 676 1059 mentis
686 1026 803 1063 nostrae,
820 1025 1024 1060 &induamus
1034 1037 1149 1058 nouum
1165 1027 1334 1064 hominem,
1351 1040 1402 1072 qui
1414 1027 1576 1061 secundum
1586 1031 1648 1064 De-

169 1085 220 1107 um
230 1084 342 1107 creatus
350 1075 388 1106 est
397 1076 427 1106 in
439 1074 543 1106 iustitia
551 1074 581 1107 ὁ(
590 1071 742 1105 sanstitate
749 1073 890 1109 veritaris,
903 1082 1029 1116 propter
1036 1072 1117 1115 quod
1127 1072 1316 1116 deponentes
1325 1074 1527 1110 mendacium,
1543 1075 1651 1119 loqua-

169 1130 240 1152 mur
247 1131 301 1163 per
311 1130 415 1152 omnia
423 1120 586 1157 veritatem,
593 1117 747 1150 cantando
755 1128 823 1150 curn
834 1117 999 1161 Propheta,
1010 1119 1032 1148 ,Α
1041 1119 1130 1160 perite
1138 1128 1254 1161 portas,
1263 1119 1485 1163 &ingrediatur
1492 1131 1566 1163 gens
1576 1121 1649 1154 iusta

168 1165 497 1199 custodiensveritatem
517 1177 524 1195 ι
540 1174 627 1197 vetus
637 1174 719 1196 error
727 1162 800 1200 abiit
810 1164 840 1197 ὁ(
850 1162 965 1196 recessit
981 1178 990 1202 ;
1005 1165 1094 1197 credo
1105 1175 1205 1196 iamcn
1217 1166 1358 1197 veraciter
1369 1177 1417 1198 uie
1426 1164 1501 1197 nihil
1513 1169 1649 1210 nouipe-

168 1212 249 1243 nitus
256 1209 439 1245 asserturum,
451 1210 531 1255 quod
542 1221 603 1243 non
614 1220 749 1242 veterum
758 1210 834 1241 ratio
844 1208 874 1243 ὅ(
883 1211 1024 1242 autoritas
1034 1221 1090 1242 con
1096 1207 1239 1243 firmabit.
1265 1210 1380 1243 Placeat
1388 1213 1479 1255 igitur
1485 1209 1575 1245 huius
1581 1213 1650 1256 opi-

168 1258 270 1289 nionis
284 1256 450 1290 rationabili
469 1256 604 1289 charitati
620 1267 684 1288 non
700 1254 845 1287 obaudire
855 1281 865 1295 ,
883 1255 932 1288 sed
949 1255 1089 1287 exaudire
1106 1256 1238 1298 benigne
1253 1256 1368 1299 aliquas
1383 1259 1518 1290 rationes.
1546 1257 1651 1290 Primo

170 1313 267 1335 autem
276 1302 394 1335 videtur
403 1302 488 1346 quod
506 1302 661 1348 responsio
678 1301 766 1333 huius
782 1303 935 1345 opinionis
952 1312 1142 1346 nequaquam
1157 1299 1282 1334 sufficiat
1299 1316 1309 1340 ς
1325 1300 1471 1339 secundo,
1487 1302 1573 1346 quod
1590 1305 1652 1336 eius

115 1345 145 1378 C
169 1347 349 1392 hypothesis
359 1358 420 1381 riori
433 1346 561 1382 subfistat
578 1361 586 1380 :
602 1347 668 1383 data
678 1346 1154 1391 namqueopininnishyporhefi,
1172 1358 1235 1380 non
1254 1344 1430 1381 sufficienter
1439 1348 1564 1380 soluitur
1572 1347 1653 1382 diffi-

169 1394 277 1428 cultas.
303 1393 475 1428 Difficultas
488 1396 596 1427 etenim
613 1394 786 1439 qnaestionis
796 1404 917 1438 propter
928 1392 988 1426 hoc
998 1394 1131 1426 maxime
1142 1391 1374 1426 mordetomnes
1385 1394 1415 1427 ἃ
1428 1393 1567 1432 stimulat,
1583 1395 1653 1438 qnia

170 1441 202 1473 in
212 1438 267 1473 suis
276 1439 508 1478 afflbushberis,
526 1439 598 1472 nulli
607 1440 769 1472 necessitati
779 1439 920 1482 superiori
938 1446 968 1472 &
986 1441 1080 1483 priori
1089 1439 1199 1473 vellent
1208 1439 1266 1472 effe
1279 1438 1412 1476 subiecti,
1425 1438 1474 1473 sed
1483 1438 1653 1484 simpliciter

169 1487 313 1522 Domini,
330 1486 449 1521 &liberi
459 1487 574 1529 penitus
584 1484 720 1518 absolute
730 1486 861 1528 rcipestu
873 1486 994 1518 suorum
1004 1485 1306 1525 astunmlibemrurn,
1323 1484 1555 1530 haberequeeos
1565 1488 1594 1518 in
1605 1484 1652 1519 fila

171 1528 342 1573 {impliciter
352 1531 439 1565 libera
449 1532 605 1574 potestate.
629 1530 686 1564 Sed
697 1531 747 1563 ista
757 1529 906 1573 responsio
917 1543 980 1563 non
992 1533 1065 1564 vitat
1076 1531 1291 1564 omnimodam
1303 1530 1521 1568 necessitatem,
1537 1542 1592 1565 nec
1599 1531 1654 1563 sal—

170 1586 221 1608 uat
229 1577 441 1611 omnimodam
451 1577 616 1610 libertatem
638 1590 645 1609 :
675 1576 760 1609 Licet
767 1587 847 1608 enim
858 1577 928 1610 illud
936 1577 1019 1621 quod
1028 1579 1067 1610 cst
1076 1576 1210 1610 futurum
1221 1577 1317 1622 poffet
1324 1588 1386 1610 non
1394 1575 1449 1610 eise
1457 1576 1605 1614 intutum,
1621 1584 1654 1611 &c

173 1623 314 1662 econtra,
330 1624 361 1658 ὃ(
370 1624 442 1656 illud
453 1622 536 1668 quod
545 1624 585 1656 est
597 1621 762 1665 praescitum
774 1623 790 1655 a
802 1623 884 1659 Deo,
899 1622 994 1666 posset
1002 1623 1059 1656 effe
1067 1634 1129 1656 non
1138 1623 1316 1668 praescitum,
1331 1623 1500 1658 &econtra
1515 1637 1525 1662 3
1541 1622 1603 1655 hoc
1612 1633 1656 1655 ta-

172 1677 243 1700 men
254 1680 317 1702 non
325 1670 364 1702 est
372 1668 578 1703 antecedenter
587 1668 618 1703 &
628 1663 804 1701 sufficienter
818 1679 847 1700 in
865 1671 1011 1713 potestate
1025 1671 1135 1705 nostra,
1153 1679 1207 1702 nec
1215 1670 1355 1702 omnium
1365 1666 1519 1702 causarum
1529 1668 1655 1701 inferio-

173 1723 253 1754 rum,
267 1713 341 1747 ficut
350 1716 523 1759 septimum,
532 1715 686 1751 eistauum,
695 1714 725 1748 ὅ(
734 1725 849 1747 nonum
862 1716 950 1747 huius
960 1714 1135 1748 ostendunt.
1159 1714 1257 1747 Causa
1265 1715 1345 1747 enim
1357 1715 1499 1757 superior,
1515 1724 1585 1757 puta
1593 1716 1654 1747 De-

172 1770 217 1796 us,
231 1771 295 1792 non
303 1759 431 1804 scquitur
440 1761 610 1805 quaestionis
619 1760 728 1797 modo,
743 1760 862 1793 (ciendo
872 1771 921 1793 aut
929 1760 1065 1794 volendo
1075 1758 1177 1794 caustis
1185 1759 1340 1793 inferiores
1346 1760 1460 1805 aliquas
1469 1771 1523 1792 nec
1530 1769 1653 1799 omnes,

174 1804 247 1837 ficut
255 1805 404 1839 decimum
415 1810 556 1849 quintum
574 1807 604 1841 ὅ(
621 1806 792 1839 vicefimum
811 1808 900 1850 primi
914 1817 984 1838 cum
1001 1805 1057 1839 suis
1072 1804 1277 1850 sequentibus,
1291 1817 1325 1838 ac
1339 1804 1517 1838 tricesimum
1534 1803 1654 1838 secundi

174 1850 334 1884 ostendunt
349 1865 359 1890 ς
377 1851 426 1883 sed
444 1854 459 1886 ὲ
476 1862 581 1885 contra
595 1853 663 1895 ipiae
680 1863 799 1893 omneS,
815 1852 844 1885 ἁ
856 1851 974 1895 fingulae
993 1854 1022 1884 iri
1039 1852 1182 1885 omnibus
1192 1852 1248 1884 suis
1255 1851 1390 1884 motibus
1398 1861 1431 1883 ac
1439 1849 1655 1883 cessationibus

123 1894 157 1930 D
175 1895 316 1929 vniuersis
326 1897 516 1930 voluntatem
524 1895 614 1941 ipsius
624 1895 786 1930 necessario
794 1895 1027 1941 consequuntur,
1045 1896 1114 1931 sicut
1123 1895 1306 1931 tricesimum
1316 1894 1536 1930 &tricesimum
1553 1898 1652 1929 secun·

175 1940 250 1974 dum
260 1942 392 1981 secundi,
408 1954 443 1976 ac
452 1942 614 1977 secundum
624 1946 698 1981 rertij
717 1954 785 1975 cum
804 1943 924 1976 decimo
933 1946 1023 1987 primi
1040 1942 1161 1978 docent.
1187 1943 1269 1976 Cum
1285 1943 1377 1986 igitur
1394 1953 1447 1986 per
1459 1942 1654 1974 corollarium

175 1989 251 2020 noni
268 1988 470 2032 primiomnia
479 1988 577 2022 futura
586 1991 727 2021 euenient
743 1989 759 2020 a
776 1989 930 2022 voluntate
945 1989 1060 2027 diuina,
1074 2001 1140 2033 qnae
1154 1990 1193 2022 est
1207 1989 1293 2021 causa
1308 1989 1403 2032 prima
1418 1994 1449 2021 δε
1460 1987 1586 2027 summa,
1602 1997 1655 2030 per

174 2033 356 2066 tricesimum
364 2034 495 2073 secundi,
509 2041 539 2068 &
548 2034 632 2067 nullo
642 2034 738 2067 modo
746 2033 927 2072 frustrabilis,
943 2033 991 2066 sed
1002 2031 1107 2067 efficax
1118 2038 1325 2078 omniquaque
1333 2044 1386 2077 per
1393 2032 1542 2065 decimum
1554 2034 1656 2076 primi,

176 2079 448 2114 necantecedenter
455 2092 507 2114 aut
515 2078 692 2113 sufficienter
701 2083 729 2111 in
739 2082 885 2123 potestate
894 2079 1004 2117 nostra,
1012 2091 1067 2113 nec
1076 2082 1228 2114 causarum
1238 2079 1416 2112 inferiorum
1426 2078 1595 2121 aliqu-irum
1604 2087 1655 2110 aut

175 2126 329 2161 omnium,
344 2137 395 2169 per
402 2127 546 2159 o&auum
558 2133 588 2159 8(
597 2138 715 2158 nonum
725 2125 825 2166 huius,
843 2126 975 2159 Nullum
985 2127 1119 2159 futurum
1129 2126 1169 2160 est
1176 2123 1356 2169 simpliciter,
1364 2123 1470 2157 scilicet
1479 2121 1656 2157 sufficienter

176 2169 425 2207 &antecedenter
434 2174 464 2205 i'n
474 2174 571 2206 nostra
586 2170 717 2217 positum
726 2173 880 2216 potestate,
894 2183 950 2205 nec
966 2170 1112 2205 habemus
1124 2169 1255 2214 respestu
1270 2171 1391 2203 alicuius
1401 2170 1656 2202 futuriomnimo-

178 2213 249 2248 dam
259 2215 616 2261 {impliciterli'bettatem‚
629 2218 676 2251 sed
692 2219 723 2250 in
740 2216 883 2250 omnibus
901 2216 1059 2251 neceisan&
1068 2216 1232 2252 subdimur,
1249 2215 1425 2250 &seruimus
1436 2212 1656 2248 necessitatina-

177 2261 309 2340 ruriggo·
317 2264 503 2308 praecedenti‚
517 2263 624 2298 diuinae
633 2263 904 2304 scilicetvoluntati,
920 2261 993 2295 ficut
1005 2264 1144 2307 quintum
1161 2262 1315 2298 &sextum
1324 2272 1392 2296 curn
1403 2258 1656 2305 sequentibushu-

178 2316 224 2339 ius
276 2319 354 2343 cent.

1457 2581 1655 2633 CAP.
