1985 3130
197 163 252 209 75
256 162 289 211 4
825 136 993 187 ‘I‘homae
999 132 1283 186 Bradwardini
1653 134 1702 184 L
1714 155 1728 183 i
1742 155 1783 186 n.
1801 156 1837 200 3.

308 249 387 275 cam,
398 249 495 282 neque
502 236 728 280 Theologicam
737 234 1028 277 sapiuntveritatem.
1049 228 1266 273 Philosophice
1274 228 1583 273 namqueloquendo,
1595 228 1702 273 Agens
1717 231 1784 263 rati-
1800 232 1832 264 A

123 282 284 323 Philosophus.
309 285 397 318 onale
406 295 487 317 cetto
496 293 630 326 tempore
639 284 698 325 agit
705 279 742 313 ad
750 290 845 318 extra,
855 289 926 322 quia
933 287 1005 309 tunc
1013 276 1080 309 vult
1089 288 1097 311 3
1114 275 1194 309 vnde
1204 273 1409 318 Philosophus
1417 286 1450 312 9.
1462 274 1693 320 Metaphys.10.
1702 275 1785 315 dicit,

310 329 394 373 quod
403 330 541 373 p0tentiae
549 327 665 360 tastiuae
673 335 744 359 cum
752 328 870 358 ratione
878 323 1180 360 suntcontrariorum,
1188 326 1218 353 ὅ(
1228 321 1346 358 obiicit,
1355 331 1448 363 quare
1456 318 1540 352 simul
1549 320 1657 354 facient
1666 330 1787 354 contra-

311 379 350 409 ria
360 389 370 413 ς
380 375 438 407 hoc
445 384 546 405 autem
556 375 597 405 im
602 371 742 415 possibile
750 385 761 409 ς
779 371 809 405 &
820 368 978 413 respondet
986 366 1142 401 innuendo
1150 364 1394 409 consequentiam
1404 377 1468 397 non
1478 365 1587 405 valere,
1598 369 1667 409 quia
1674 365 1787 411 aliquid

312 420 392 453 aliud
400 420 556 463 requiritur
563 418 646 462 quod
655 417 831 450 determinet
842 417 1010 458 potentiam
1025 413 1062 446 ad
1079 421 1169 445 vnam
1185 421 1311 455 partem,
1327 411 1433 443 scilicet
1450 412 1600 448 voluntas,
1613 412 1644 446 ὃ(
1662 411 1787 456 quando

311 466 452 510 perillam
462 465 689 500 determinatur,
706 472 777 493 tunc
787 460 856 493 facit
866 460 1003 496 alierum,
1020 469 1083 490 non
1093 467 1255 501 vtrumque
1271 470 1282 494 ς
1297 456 1346 489 illa
1353 468 1426 500 ergo
1435 457 1576 489 voluntas
1586 456 1788 492 determinans

312 513 351 544 est
362 509 443 543 causa
453 519 543 553 quare
551 519 620 541 tunc
629 508 688 540 hoc
704 506 786 543 facit,
799 505 880 539 vnde
898 502 1111 548 respondendo
1128 502 1167 535 fic
1179 504 1219 535 ait
1233 516 1244 540 ς
1261 499 1387 535 Necesse
1396 512 1469 546 ergo
1477 502 1600 535 alterum
1611 501 1722 547 aliquid
1731 501 1789 537 effe

312 555 394 599 quod
404 556 562 599 proprium
574 555 625 591 est,
643 553 711 585 dico
729 552 789 584 hoc
800 561 901 584 autem
917 551 1085 593 appetitum
1101 558 1152 580 aut
1170 547 1349 591 prohaeresin
1366 559 1373 579 :
1390 547 1476 591 quod
1491 547 1572 580 enim
1580 546 1790 582 deiidetauerit

312 600 522 644 principaliter,
530 598 591 631 hoc
602 596 830 641 faciet,quando
840 607 872 629 Vt
880 595 974 639 possit
983 594 1114 627 extiterit
1130 605 1138 626 ε
1153 604 1245 637 quare
1255 593 1531 636 potenssecundum
1539 603 1684 626 rationem
1694 604 1789 627 omne

314 644 425 679 neccsse
433 644 559 689 quando
570 642 724 678 desiderat.
734 644 815 675 cuius
823 641 915 674 habet
925 640 1109 684 potentiam,
1121 645 1152 672 8<
1161 649 1193 671 vt
1202 636 1306 675 habet,
1316 638 1377 670 hoc
1386 636 1502 674 faceret
1517 640 1600 672 Deus
1607 649 1708 673 autem
1717 650 1789 674 cum

313 693 469 726 ratione&
479 688 689 724 rationabiliter
698 687 767 721 fecit
783 686 944 724 mundum,
961 684 1083 730 quando
1098 685 1271 717 :eternaliter
1285 682 1379 717 voluit
1396 681 1426 716 se
1441 683 1602 724 faciurum,
1617 685 1707 728 igitur
1720 686 1791 729 quia

131 740 285 778 eApacalyps.
314 748 384 771 tunc
393 737 579 774 voluit,tunc
588 734 618 767 ὅ(
628 733 708 773 fecit,
722 733 806 777 quod
818 737 846 764 &
858 743 938 775 patet
947 730 1129 772 completius
1137 740 1223 762 nono
1234 730 1332 773 primi.
1354 727 1673 772 Vnde&Apocalypi]
1681 740 1716 774 4.
1739 729 1790 765 Tu

131 780 297 819 „Augustinus
315 783 416 815 creasti
425 783 542 817 omnia,
558 782 588 814 ὅ(
603 789 725 824 propter
735 779 922 811 voluntatem
933 788 1014 810 tuam
1024 786 1120 811 erant.
1138 772 1356 808 &creatafimt.
1383 774 1650 818 EtAugustinusr.
1661 775 1698 808 de
1709 775 1790 811 Gen.
1802 765 1826 799 Β

316 839 418 861 contra
428 825 618 859 Manichaeos
632 840 643 864 3
659 824 811 857 Voluntas
820 825 878 856 Dei
886 824 1038 860 omnium,
1047 832 1111 865 quae
1122 822 1203 861 sunt,
1213 821 1274 864 ipsa
1284 820 1324 852 est
1333 822 1425 852 caula.
1446 821 1514 860 Qui
1523 832 1597 864 ergo
1604 820 1684 858 dicit,
1701 831 1793 864 quare

319 874 402 906 Deus
409 871 477 906 fecit
487 871 603 904 coelurn
613 872 643 904 ὅ(
653 880 758 903 terram
774 876 784 901 ἓ
801 868 1044 912 respondendum
1059 868 1109 905 cst,
1125 868 1194 908 quia
1208 866 1305 898 voluit
1324 878 1333 898 ε
1352 866 1491 899 voluntas
1505 867 1585 898 enirn
1596 867 1653 899 Dei
1661 865 1745 899 causa
1752 867 1793 900 est

318 918 391 950 eceli
404 919 433 952 ἃ
441 928 535 951 terrae.
545 917 618 950 Item
627 916 733 948 eadem
742 916 857 947 ratione
866 913 979 947 habent
987 913 1084 945 dicere
1091 911 1304 956 consequenter
1311 910 1348 943 de
1357 922 1540 955 quocunque
1547 911 1794 957 quandocunque

318 973 417 995 creato
428 963 475 996 seu
484 961 565 995 fasto
576 963 593 992 a
604 961 688 1000 Deo,
704 959 791 1004 quod
801 959 880 992 nulla
888 959 927 992 est
936 959 1022 992 causa
1029 968 1122 1002 quare
1130 968 1203 990 tunc
1212 957 1245 990 fit
1253 956 1299 988 vel
1307 967 1434 994 creatur,
1451 957 1482 991 ὅ(
1490 956 1551 989 hoc
1558 957 1676 990 videtur
1683 956 1795 991 destru-

318 1019 368 1040 ere
377 1007 491 1040 causam
500 1006 681 1040 efficientem
692 1008 721 1040 ὅ(
730 1005 849 1039 finalem
857 1007 886 1037 iti
898 1006 984 1041 Deo,
993 1003 1040 1036 vel
1052 1013 1164 1047 ponere
1172 1002 1268 1046 ipsum
1280 1012 1365 1046 agere
1372 1000 1523 1035 casualiter
1531 1009 1561 1036 8(
1569 1001 1698 1036 fortuito
1707 1003 1795 1036 omni

319 1064 456 1096 tempore
466 1054 495 1088 ἃ
504 1054 636 1086 instanti:
646 1051 694 1084 sed
704 1052 820 1084 caulam
831 1049 1051 1082 efficientemin
1059 1048 1130 1081 Deo
1140 1048 1244 1081 ostend
1250 1058 1301 1080 unt
1307 1047 1464 1090 praemissa,
1472 1048 1503 1083 &
1511 1048 1582 1081 illud
1589 1047 1657 1080 Ioh.
1665 1057 1674 1078 i
1683 1072 1690 1080 .
1714 1050 1795 1081 Om-

319 1108 368 1131 nia
378 1110 429 1143 per
436 1097 533 1141 ipsum
542 1098 619 1131 fasta
628 1097 706 1134 sunt,
715 1107 784 1128 cum
795 1101 896 1132 tertio,
910 1105 1028 1139 quarto,
1045 1093 1076 1127 St
1084 1104 1170 1126 nono
1178 1094 1266 1137 primi
1283 1105 1291 1125 :
1312 1093 1349 1125 Et
1359 1091 1472 1125 causam
1480 1092 1598 1127 finalem
1610 1094 1640 1125 in
1650 1095 1717 1126 Deo
1725 1103 1796 1137 pro·

321 1143 394 1177 bant
411 1145 513 1176 muitae
527 1145 701 1177 autoritates
717 1140 940 1184 Philosophiae
957 1141 988 1175 ὅ(
1003 1138 1204 1183 Theologicae
1226 1136 1370 1170 vicesimo
1387 1140 1494 1182 quinto
1508 1140 1596 1182 primi
1612 1137 1796 1182 conscriptae.

135 1186 262 1216 parabole.
319 1189 411 1223 Vnde
420 1188 528 1222 Parab.
542 1199 550 1219 ι
559 1193 579 1220 6
583 1213 591 1222 .
606 1190 726 1221 Omnia
734 1197 857 1231 propter
866 1184 1054 1229 semetipsum
1061 1195 1205 1229 operatus
1214 1185 1253 1217 ess
1262 1184 1433 1216 Dominus.
1456 1185 1492 1215 Et
1500 1185 1599 1227 Apoc.
1612 1194 1639 1218 1.
1657 1185 1726 1228 Ego
1732 1183 1796 1218 fiam

320 1235 422 1279 Alphe
434 1244 464 1268 5(
474 1237 612 1278 Ornega,
629 1234 810 1277 principium
827 1231 858 1266 ὅ(
873 1231 952 1265 finis.
973 1230 1077 1270 Quod
1086 1229 1161 1264 vero
1170 1231 1254 1263 Deus
1261 1240 1324 1261 non
1340 1239 1409 1272 agat
1422 1230 1576 1262 casualiter
1592 1230 1640 1263 vel
1654 1230 1796 1269 fortuito,

319 1286 431 1324 quouis
441 1291 581 1324 tempore
588 1280 635 1312 vel
643 1278 919 1318 instanti,octauum
928 1278 958 1312 ἃ
969 1287 1086 1308 nonum
1095 1276 1261 1320 primicum
1269 1274 1412 1308 vicesimo
1421 1272 1701 1318 septim0,vicefimo
1711 1278 1797 1309 osta·

320 1337 373 1365 uo,
382 1333 412 1360 3<
422 1325 562 1358 vicefimo
572 1336 655 1358 nono
664 1325 788 1358 docent.
815 1323 907 1356 Vnde
916 1323 947 1357 ὅ(
957 1321 1114 1354 Ecciefiast.
1118 1331 1133 1362 3
1142 1347 1148 1352 .
1165 1320 1413 1363 Omniatempus
1422 1318 1553 1354 habent:
1566 1320 1615 1353 sed
1626 1321 1642 1352 a
1651 1331 1729 1366 quo,
1742 1319 1795 1354 nifi
1808 1321 1837 1353 C

320 1372 419 1404 abillo
429 1372 516 1415 quiin
527 1369 675 1410 mensura,
686 1370 717 1404 ὃ(
725 1379 866 1408 numero,
882 1369 912 1402 ὃ(
921 1366 1057 1412 pondere
1066 1369 1170 1401 cuncta
1179 1364 1306 1408 disponit
1324 1371 1334 1396 Ξ
1350 1366 1453 1410 Qare
1468 1372 1499 1399 8(
1509 1366 1694 1411 Augustinus
1704 1366 1797 1399 2².de

323 1418 419 1450 Ciuit.
430 1419 486 1450 Dei
495 1427 508 1447 2
518 1442 525 1449 .
532 1415 570 1448 sie
579 1416 663 1455 dicit,
679 1416 855 1458 Antequam
866 1424 969 1446 veniat
978 1423 1098 1457 tempus
1107 1424 1169 1456 quo
1178 1412 1272 1445 voluit
1280 1420 1313 1443 vt
1322 1409 1500 1455 fieret.quod
1509 1422 1579 1444 ante
1586 1421 1724 1456 tempora
1731 1412 1799 1444 vni.

322 1464 403 1495 uersa
412 1462 652 1505 praesciuitatque
660 1459 813 1504 disposuit,
829 1459 955 1492 dicimus
967 1457 1028 1497 fiet,
1040 1457 1167 1503 quando
1181 1458 1264 1491 Deus
1278 1455 1419 1489 voluerit.
1434 1457 1472 1490 Et
1487 1454 1508 1490 fi
1525 1456 1624 1490 adhue
1642 1456 1800 1498 obiiciant,

323 1508 408 1553 quod
420 1508 496 1540 illius
506 1507 668 1540 voluntatis
677 1506 758 1538 nulla
765 1506 805 1537 est
814 1517 866 1538 cau
872 1505 911 1542 sa,
920 1515 1009 1549 quare
1017 1515 1072 1536 nee
1081 1500 1259 1536 necessitatis
1267 1500 1431 1546 ρῐκάὶᾶτ,
1438 1501 1499 1535 hoc
1506 1502 1624 1536 nullum
1632 1500 1722 1535 debet
1730 1513 1801 1535 mo·

322 1565 403 1590 uere,
412 1557 482 1598 quia
491 1553 538 1586 illa
546 1553 607 1586 Dei
617 1553 734 1585 volutio
744 1551 782 1584 ess
792 1561 913 1590 aterna,
929 1548 979 1583 sed
987 1548 1036 1582 illa
1044 1546 1201 1583 necessitas
1209 1549 1249 1581 est
1257 1546 1391 1584 nouella,
1407 1559 1496 1592 quare
1503 1552 1534 1580 sc
1542 1549 1579 1581 ali'
1603 1558 1672 1581 uam
1680 1549 1800 1582 eausam

323 1598 425 1633 habet.
444 1598 546 1640 Quod
556 1601 645 1631 ctiam
655 1599 740 1631 Deus
749 1597 910 1630 nouiteress
920 1595 1085 1629 Creator&
1099 1594 1265 1632 Dominus,
1279 1591 1395 1627 causam
1404 1592 1506 1632 habet,
1521 1560 1648 1632 cauiqam,
1661 1595 1799 1638 inquam,

323 1644 479 1678 formalem
490 1651 520 1678 δι
531 1643 711 1677 efficientem
720 1642 861 1675 similiter.
886 1643 969 1675 Deus
975 1642 1058 1674 enim
1068 1639 1175 1673 dicitur
1185 1640 1305 1672 nouiter
1312 1638 1432 1672 relatiue
1441 1640 1596 1673 Dominus
1602 1638 1692 1672 huius
1699 1645 1754 1677 rel,
1767 1643 1800 1675 &

324 1701 386 1723 non
396 1701 449 1733 per
457 1691 632 1723 relationem
643 1700 757 1722 nouam
767 1687 953 1721 accidentem
970 1689 1091 1719 nouiter
1105 1683 1160 1728 ipsi
1177 1685 1262 1724 Deo,
1275 1683 1323 1717 sed
1332 1685 1550 1718 tantummodo
1557 1695 1711 1724 creaturae,
1726 1684 1800 1718 ficut

324 1745 428 1768 contra
437 1733 597 1768 secundam
606 1732 830 1778 responsionem
841 1732 970 1776 superius
979 1733 1018 1766 est
1025 1730 1187 1765 ostensum.
1210 1729 1274 1773 Ipsa
1290 1740 1363 1773 ergo
1372 1729 1475 1764 relatio
1488 1729 1667 1775 consurgens
1674 1740 1713 1763 ex
1720 1740 1799 1763 crea-

324 1792 400 1817 tura,
415 1793 480 1824 quae
497 1780 657 1814 necessarie)
668 1778 820 1816 subiicitur
829 1779 932 1811 diuino
941 1777 1094 1816 dominio,
1111 1775 1152 1809 est
1161 1775 1245 1809 causa
1257 1775 1390 1808 formalis
1404 1775 1565 1809 extrinseca
1580 1786 1671 1820 atque
1686 1777 1801 1819 impro-

325 1837 401 1869 pria,
413 1838 469 1870 qua
477 1826 559 1859 Deus
570 1826 734 1858 formaliter
742 1824 849 1857 dicitur
859 1824 1017 1856 Dominus
1031 1822 1119 1855 huius
1127 1821 1180 1855 rei.
1206 1823 1277 1854 Haec
1286 1831 1409 1865 quoque
1415 1821 1518 1855 relatio
1526 1820 1617 1854 habet
1625 1821 1744 1853 causam
1753 1818 1800 1853 ef-

326 1871 670 1908 ficientem,effe&1icem
683 1870 788 1903 scilicet
799 1871 883 1903 huius
891 1870 983 1904 rei‚ex
992 1880 1053 1912 qua
1060 1868 1111 1901 ista
1121 1867 1226 1899 relatio
1235 1864 1397 1899 necessario
1404 1866 1565 1910 pullulat&
1573 1876 1702 1899 emanat.
1711 1864 1799 1899 cum
1813 1870 1845 1908 D

326 1928 399 1961 ergo
407 1928 559 1960 quaerunt.
577 1928 644 1960 quis
653 1917 719 1950 fecit
728 1917 827 1948 Deum
835 1916 1008 1948 Dominum
1016 1913 1105 1947 huius
1115 1914 1156 1946 rei
1168 1911 1359 1954 :dico‚qut*>d
1367 1912 1427 1950 ille,
1434 1913 1485 1955 qui
1492 1911 1558 1946 fecit
1568 1911 1646 1945 hanc
1653 1922 1728 1944 rem.
1747 1911 1801 1945 Fe—

327 1965 367 1994 cit
378 1973 457 1994 enim
467 1962 701 2007 quodammodo
711 1961 794 1993 istam
805 1962 980 1994 relationem
993 1970 1055 2003 qua
1068 1960 1151 1992 Deus
1158 1957 1263 1991 dicitur
1271 1957 1428 1990 Dominus
1437 1956 1525 1991 huius
1532 1959 1573 1990 rei
1586 1970 1598 1996 ;
1613 1956 1683 1989 ficut
1691 1957 1743 2000 qui
1750 1956 1802 1991 dat

328 2008 624 2043 Iohannihancrcm,
643 2009 788 2040 faciteum
798 2007 967 2038 Dominum
985 2003 1071 2037 huius
1085 2006 1127 2036 rei
1143 2017 1154 2042 3
1170 2002 1311 2046 quividet
1322 2002 1492 2036 Iohannem
1508 2002 1715 2045 velintelligit‚
1732 2003 1802 2036 facit

329 2052 496 2086 Iohannem
505 2051 602 2087 visum
611 2054 640 2087 ἃ
650 2054 767 2085 nouiter
775 2051 958 2084 inreHeEtum
970 2062 978 2081 ε
989 2051 1073 2084 Deus
1080 2060 1152 2094 ergo
1161 2048 1227 2081 facit
1236 2045 1296 2090 ipse
1305 2047 1426 2091 seipsum
1433 2049 1602 2081 Dominum
1611 2045 1700 2080 huius
1707 2049 1750 2080 rei
1756 2046 1803 2080 fa-

330 2099 439 2131 ciendo
448 2098 526 2131 hanc
538 2109 612 2136 rem,
626 2108 662 2130 ex
676 2109 732 2141 qua
742 2094 903 2130 necessario
909 2097 1004 2128 oritur
1010 2094 1117 2128 relatio
1125 2093 1304 2138 supmdista,
1320 2093 1392 2126 fiCUt
1406 2098 1437 2126 δέ
1447 2091 1597 2127 Iohannes
1611 2090 1671 2136 ipse
1679 2092 1749 2125 facit
1761 2088 1803 2125 se-

329 2143 426 2188 ipsum
437 2145 609 2176 Dominum
620 2143 708 2175 huius
717 2147 756 2175 rei
767 2141 905 2174 faciendo
914 2141 990 2173 hanc
998 2151 1061 2173 rem
1076 2139 1168 2173 suam.
1192 2139 1290 2172 Cuius
1302 2139 1438 2182 exempla
1452 2138 1518 2171 saris
1533 2137 1703 2172 authentica
1713 2138 1802 2180 scrip-

330 2200 396 2223 tura
404 2191 544 2221 canonica
554 2188 626 2232 saepe
636 2190 760 2232 profert.
779 2187 870 2220 Vnde
881 2186 1001 2218 Psalmo
1010 2196 1041 2224 9.
1056 2186 1164 2218 Faetus
1172 2185 1211 2217 est
1219 2184 1374 2217 Dominus
1382 2183 1533 2228 refugium
1542 2185 1683 2228 pauperi:
1695 2194 1741 2225 17.
1749 2183 1804 2216 Fa-

331 2237 397 2267 stus
407 2236 446 2267 est
455 2235 608 2266 Dominus
617 2235 772 2276 protestor
780 2243 863 2265 meus
875 2245 882 2264 ε
895 2242 948 2270 29.
959 2232 1112 2264 Dominus
1122 2229 1217 2263 faaus
1227 2230 1265 2262 cst
1274 2229 1392 2263 adiutor
1399 2241 1481 2263 meus
1493 2242 1501 2262 ε
1511 2230 1561 2267 89.
1570 2229 1716 2269 Domine,
1722 2228 1803 2262 refu-

334 2281 417 2323 gium
427 2278 519 2311 fastus
529 2290 559 2310 es
567 2279 657 2311 nobis
675 2292 683 2312 ε
700 2280 758 2310 Etr
771 2289 819 2318 17·
833 2278 937 2310 Faetus
946 2278 984 2310 est
993 2276 1068 2309 mihi
1077 2279 1106 2309 in
1121 2276 1257 2313 salutem,
1271 2285 1340 2307 cum
1351 2275 1452 2308 multis
1461 2273 1600 2307 similibus
1610 2274 1805 2308 multislocis.

148 2329 163 2345 ”
177 2329 251 2358 Deus
333 2325 436 2367 Qiod
446 2335 519 2367 ergo
530 2325 613 2357 Deus
623 2324 741 2357 nouiter
749 2322 854 2356 dicitur
864 2323 879 2339 ⁰
889 2322 1012 2355 relatiue
1021 2321 1058 2355 ad
1067 2331 1243 2359 creaturam,
1258 2319 1298 2352 est
1315 2331 1437 2364 propter
1448 2331 1559 2353 nouam
1568 2318 1684 2352 causam
1699 2326 1731 2353 ac
1748 2330 1807 2352 no·

334 2382 404 2403 uam
416 2371 616 2401 mutationem
633 2382 669 2401 ex
687 2380 771 2413 parte
780 2379 933 2407 creaturae,
949 2366 1021 2400 sicut
1035 2366 1066 2400 ἃ
1079 2368 1110 2399 in
1125 2376 1309 2410 quocunque
1323 2365 1409 2409 quod
1424 2366 1530 2399 dicitur
1543 2367 1661 2398 nouiter
1675 2365 1809 2398 relatiue.

336 2416 407 2448 Hoc
415 2425 494 2447 cmm
511 2415 550 2446 est
567 2417 614 2446 vel
631 2425 752 2458 propter
758 2425 869 2446 nouam
879 2414 1081 2447 mutationem
1097 2413 1128 2445 in
1142 2423 1179 2444 eo
1196 2411 1280 2455 quod
1297 2411 1334 2443 fic
1342 2412 1458 2444 nouiter
1467 2411 1584 2450 dicitur,
1600 2410 1684 2444 vellii
1699 2410 1752 2444 illo
1767 2409 1805 2442 ad
1819 2415 1844 2447 Ε

335 2460 417 2504 quod
426 2461 543 2492 nouiter
551 2459 587 2492 fic
597 2459 714 2496 dicitur,
730 2458 802 2491 ficut
810 2470 934 2503 apparet
943 2458 980 2490 de
989 2458 1116 2490 relatiuis
1127 2458 1205 2494 tertii
1215 2455 1310 2492 modi.
1329 2466 1360 2487 vt
1377 2456 1474 2500 potest
1484 2455 1583 2488 haberi
1593 2456 1609 2487 ὲ
1619 2454 1808 2499 Philosopbo

340 2517 367 2548 5.
378 2504 548 2547 Metaphys.
558 2504 695 2540 20.&ab
704 2504 899 2543 Auerroeibi,
916 2503 987 2537 licut
996 2502 1197 2547 eratsuperius
1204 2502 1377 2545 allegatum,
1390 2501 1420 2535 ὃ(
1433 2512 1460 2544 ς.
1470 2499 1558 2545 Phys.
1567 2511 1617 2534 io.
1630 2501 1706 2537 vult,
1719 2499 1809 2545 quod

337 2551 387 2582 vbi
398 2552 437 2583 est
447 2561 528 2582 noua
535 2551 648 2589 relatio,
664 2548 698 2582 sit
713 2550 880 2583 mutatio&
890 2560 1002 2586 motus,
1019 2549 1120 2581 saltem
1128 2550 1158 2580 in
1175 2547 1267 2581 altero
1283 2547 1456 2584 relatorum,
1471 2546 1542 2580 ficut
1555 2545 1753 2590 exemplificat
1768 2545 1809 2578 ibi

337 2598 489 2629 Auerroes
498 2595 535 2627 de
544 2596 698 2633 columna,
709 2607 772 2639 quae
782 2594 886 2639 primo
895 2596 973 2628 estin
983 2594 1090 2628 dextro
1099 2593 1239 2631 Socratis,
1247 2593 1276 2627 ἃ
1284 2593 1350 2635 post
1357 2594 1479 2625 vertitur
1485 2592 1521 2625 ad
1529 2591 1680 2629 sinistram,
1691 2602 1742 2635 per
1749 2590 1811 2624 hoc

339 2641 423 2684 quod
432 2642 569 2675 Socrates
577 2639 751 2674 transfertur
761 2642 792 2672 in
802 2640 885 2672 loco.
916 2639 1049 2672 Eandem
1064 2649 1186 2682 quoque
1200 2639 1369 2671 sententiam
1385 2638 1508 2671 Boetius
1516 2637 1554 2670 de
1564 2637 1651 2671 Trin.
1660 2636 1812 2681 vlt.plane

341 2687 437 2719 docet.
464 2687 569 2725 Quare
577 2687 606 2720 ὃ(
618 2686 801 2728 Augustinus
811 2697 839 2728 5.
850 2685 887 2719 de
894 2685 1008 2718 Trinit.
1020 2684 1072 2718 vlt.
1084 2683 1214 2716 ostendit
1230 2681 1315 2727 quod
1325 2682 1447 2726 quando
1464 2683 1655 2726 Deusincipit
1664 2692 1814 2724 tempora-

340 2731 405 2764 liter
415 2730 532 2764 rclritiue
542 2731 643 2764 diciad
655 2742 832 2768 creaturam,
847 2729 906 2763 hoc
920 2731 977 2763 esse
992 2741 1044 2774 per
1058 2730 1255 2762 mutationem
1264 2729 1294 2760 in
1303 2737 1448 2767 creatura,
1463 2731 1566 2762 nonin
1575 2730 1645 2762 Deo
1661 2740 1670 2759 :
1687 2727 1767 2760 vnde
1775 2725 1814 2760 sic

342 2778 390 2812 ait.
405 2778 451 2808 De
460 2777 506 2808 illa
516 2776 725 2810 commutabili
734 2778 791 2809 Dei
800 2774 956 2810 substantia
965 2775 1112 2808 debemus
1120 2776 1265 2818 accipere,
1280 2783 1313 2805 vt
1321 2773 1561 2809 dicaturrelati'ue
1568 2772 1681 2818 aliquid
1689 2771 1727 2803 ad
1735 2783 1816 2805 crea-

342 2832 450 2863 turam,
465 2833 496 2856 vt
506 2825 646 2867 quamuis
656 2822 988 2867 temporaliterincipiat
997 2821 1067 2860 dici,
1079 2830 1144 2854 non
1154 2830 1254 2854 tamen
1264 2817 1318 2862 ipfi
1326 2817 1486 2853 substantiae
1494 2820 1553 2853 Dei
1561 2815 1695 2852 accidisse
1703 2816 1816 2861 aliquid

1628 2863 1821 2908 intelligatur,
