1985 3130
192 167 288 215 4¹4

772 138 940 190 ‘Thomae
955 135 1246 188 Pradwardim‘
1672 139 1741 190 Li
1754 161 1796 190 B.
1811 160 1843 193 1.

308 254 357 276 tua
375 242 444 274 effer
452 266 459 278 ‚
479 247 510 274 δε
526 248 668 283 tanquam
686 235 772 269 radix
787 234 849 268 fine
864 232 965 267 fruetu
980 232 1084 265 sterilis
1101 243 1191 277 atque
1207 230 1290 264 arida
1314 242 1488 266 remaneret.
1514 231 1599 276 Qd
1615 241 1708 277 ergo?
1725 236 1804 270 nulla
1830 247 1862 282 Α

308 299 401 333 opera
417 285 561 318 debemus
578 293 757 330 praeponere
766 280 855 320 fidei,
866 280 898 314 id
907 281 947 312 est
958 303 967 318 ,
981 288 1091 312 vtante
1114 277 1207 310 fidem
1225 275 1349 322 quisque
1363 275 1477 311 dicatur
1489 276 1567 311 bene
1584 283 1722 322 operari?
1751 283 1804 314 Er-

309 346 351 378 go
363 359 370 371 ,
384 333 500 366 Fratres
510 356 519 368 ,
536 342 572 363 ex
587 328 648 363 fide
661 327 832 361 iustificarus
848 328 889 359 est
905 323 1063 358 Abraham
1077 338 1087 363 3
1102 325 1150 356 led
1159 323 1179 356 fi
1189 322 1283 355 fidem
1292 332 1386 367 opera
1395 334 1459 356 non
1468 321 1672 367 praecesseriint
1682 350 1693 364 ,
1703 336 1805 362 tamen

310 378 407 413 secuta
421 376 495 411 sunt.
532 377 564 408 N
569 375 687 421 unquid
695 376 778 407 enim
790 371 865 406 fides
874 382 925 406 tua
935 370 1035 404 sterilis
1045 370 1112 408 erit,
1122 368 1142 402 si
1151 368 1255 402 sterilis
1265 380 1329 401 non
1339 374 1383 402 es?
1401 368 1502 402 sterilis
1510 380 1574 402 non
1592 372 1632 404 est
1640 370 1700 414 ipsa
1711 395 1720 409 ,
1735 383 1806 406 tene

310 424 404 459 fidem
412 433 609 468 operaturu53
626 422 708 454 Dicit
723 420 805 453 enim
819 417 900 451 idem
910 416 1077 461 Apostolus
1094 414 1186 449 fidem
1195 426 1264 458 quae
1272 426 1326 458 per
1335 413 1528 448 dilectionem
1540 425 1696 459 operatur.
1717 418 1806 452 Idem

313 470 350 503 dc
359 471 461 515 spiritu
473 474 503 504 &a
512 469 594 501 litera
600 479 653 500 20.
664 464 854 499 concordans
864 463 939 496 illud
948 462 1067 496 dictum
1086 460 1229 506 Apostoli
1244 472 1296 504 per
1305 459 1484 503 Pelagianos
1493 460 1623 505 superius
1632 463 1809 507 allegatum,

310 517 454 550 Faistores
462 514 535 558 legis
545 511 793 548 iustificabuntut,
801 509 840 542 ad
850 510 946 542 Rom.
955 518 986 540 2.
999 518 1069 539 curn
1078 507 1139 540 alio
1148 508 1210 540 eius
1221 505 1305 539 disto
1313 529 1324 543 ‚
1347 505 1692 542 Arbitrarnuriustificari
1701 510 1807 543 homi-

311 572 384 594 nem
396 573 448 604 per
457 559 549 593 fidem
562 558 672 603 absque
683 557 825 602 operibus
833 555 924 599 legis,
934 554 972 588 ad
981 554 1077 587 Rom.
1089 562 1120 594 3.
1166 553 1280 598 Neque
1288 575 1297 590 ,
1310 552 1427 596 inquit,
1443 563 1550 585 contra
1562 552 1686 598 scipsum
1695 555 1808 589 diceret

312 607 396 652 quod
406 609 445 639 ait
454 631 464 645 ,
487 606 509 638 F
513 606 630 638 astores
641 605 714 647 legis
728 600 966 636 iustificabuntui·
975 624 987 639 ‚
997 609 1143 643 tanquam
1151 609 1205 643 per
1211 608 1305 641 opera
1319 608 1383 630 non
1392 608 1444 641 per
1453 599 1582 642 gratiam
1599 600 1806 640 iustificentur,

314 655 382 685 cum
393 653 469 684 dicar
478 652 567 695 gratis
576 649 725 683 iustificari
734 648 891 680 hominem
901 657 953 689 per
963 645 1056 678 fidem
1068 643 1128 677 fine
1136 642 1377 688 operibuslegis‚
1388 642 1461 677 nihil
1471 644 1552 677 aliud
1565 645 1671 679 volens
1685 648 1810 692 intelligi

314 701 344 731 in
355 709 392 730 eo
408 699 491 740 quod
500 696 570 729 dicit
582 697 672 739 gratis
681 719 690 733 ,
699 694 752 728 nisi
762 695 831 737 quia
846 691 1086 725 tristificationem
1095 700 1189 734 opera
1197 701 1260 723 non
1277 688 1458 733 praecedunt.
1486 690 1601 733 Aperte
1613 693 1726 737 quippe
1738 694 1810 728 alibi

315 748 355 778 ait
366 768 374 782 ‚
391 745 418 776 Si
429 743 534 786 gratia,
542 738 602 775 iam
610 753 673 773 non
684 751 721 773 ex
737 739 879 783 operibus
891 761 898 774 ‚
908 737 1040 780 alioquin
1051 737 1144 780 gratia
1153 737 1213 769 iam
1222 746 1284 768 non
1293 736 1334 768 est
1346 739 1458 778 grati23
1471 735 1520 768 sed
1531 734 1808 782 ficintelligendum

315 792 355 822 est
365 814 373 828 ,
392 790 532 822 Factores
541 788 613 830 legis
623 784 861 820 iustificabuntur
869 807 880 822 ‚
890 795 921 817 vt
930 783 1054 816 sciamus
1062 792 1114 815 eos
1123 780 1204 814 aliter
1212 792 1277 813 non
1287 780 1343 812 effe
1353 783 1481 814 ractores
1489 781 1574 825 legiS,
1584 782 1637 815 nisi
1645 784 1806 819 iustificen-
1840 798 1864 832 B

316 846 377 872 tut,
389 846 451 868 non
461 845 492 866 vt
502 833 667 866 iiistisicatio
677 830 844 865 factoribus
858 829 997 867 accedat,
1012 829 1061 861 sed
1069 839 1102 861 vt
1116 827 1244 861 faetores
1260 825 1431 860 iustificatio
1445 827 1600 871 praecedat.
1624 829 1714 869 Quid
1725 834 1807 866 enim

316 882 356 914 cst
366 880 448 913 aliud
457 879 605 912 iustificati
613 879 704 922 quarn
714 878 779 910 iusti
790 876 858 910 saei
867 898 876 912 ‚
887 874 925 909 ab
935 875 989 908 illo
998 874 1105 907 scilicet
1113 874 1163 917 qui
1172 871 1306 906 iustificat
1317 873 1445 916 impium
1455 884 1488 906 vt
1497 885 1532 907 ex
1540 874 1637 917 impio
1645 874 1697 908 fiat
1704 877 1808 912 iustus.

319 928 350 960 Si
361 928 441 958 enim
451 928 490 959 ita
502 925 692 968 loqueremur
702 921 910 957 vtdiceremus
920 946 929 960 ,
945 917 1325 956 Hominesliberabuntur,
1334 917 1393 952 hoc
1404 921 1507 963 vtique
1520 920 1736 964 intelligeretur
1749 926 1807 963 eis,

319 973 371 1016 qui
381 974 439 1005 iam
451 972 592 1004 homines
599 970 692 1002 esseut
700 994 709 1008 ‚
717 968 859 1002 accedere
869 965 1080 999 liberationem
1092 981 1103 1005 ς
1115 964 1133 997 fi
1144 975 1243 998 autem
1254 963 1420 998 diceremus
1429 989 1439 1003 ,
1455 965 1605 998 Homines
1614 966 1808 1007 creabuntur,

318 1030 381 1050 non
391 1020 491 1062 Vtique
503 1017 717 1060 intelligeretur
725 1026 781 1047 eos
793 1017 884 1047 creari
893 1013 946 1057 qui
957 1021 1042 1045 erant
1051 1035 1060 1049 ‚
1069 1011 1118 1043 sed
1132 1008 1193 1054 ipsa
1202 1010 1353 1044 creatione
1363 1010 1500 1044 homines
1511 1009 1593 1050 licii3
1611 1012 1654 1044 lta
1663 1012 1683 1044 fi
1696 1013 1808 1048 dissum

319 1061 400 1098 effer.
413 1064 552 1096 Faciores
562 1063 635 1106 legis
646 1059 880 1094 honorabuntur
890 1070 971 1099 ,non
981 1058 1060 1091 recle
1069 1057 1301 1100 intelligeremus
1313 1081 1322 1096 ‚
1331 1054 1383 1089 nisi
1391 1055 1542 1089 honorem
1551 1056 1607 1090 illis
1618 1082 1627 1097 ,
1635 1070 1686 1104 qui
1696 1061 1755 1091 iam
1765 1063 1810 1093 es-

319 1111 383 1142 sent
394 1108 533 1147 faistores,
549 1108 623 1152 legis
632 1106 784 1141 accedet&
793 1105 864 1138 cum
873 1104 949 1138 vero
959 1103 1074 1137 dietum
1084 1104 1123 1135 est
1136 1127 1143 1140 ,
1159 1103 1301 1136 Fastores
1310 1101 1383 1146 legis
1391 1101 1643 1140 justificabuntur,
1653 1104 1722 1147 quid
1731 1106 1810 1140 aliud

320 1156 439 1187 dietum
450 1156 499 1189 est.
509 1155 602 1198 quam
613 1153 678 1186 iusti
687 1150 936 1186 iustificabuntut?
960 1150 1104 1183 faetores
1112 1151 1192 1182 enim
1202 1147 1278 1193 legis
1293 1152 1395 1191 vtique
1403 1148 1469 1180 iusti
1478 1147 1560 1184 surit3
1572 1160 1606 1181 ac
1617 1149 1738 1193 perhoc
1747 1162 1810 1185 tan-

319 1202 446 1235 tundem
461 1201 500 1233 est
515 1211 548 1232 ac
562 1200 581 1232 fi
600 1199 765 1236 diceretur,
783 1196 1008 1239 faetoresiegis
1020 1194 1216 1232 creabuntur,
1225 1206 1290 1226 non
1301 1195 1351 1237 qui
1360 1195 1420 1225 iam
1430 1205 1532 1236 erant,
1541 1194 1589 1227 sed
1598 1206 1630 1228 vr
1639 1195 1695 1227 lint
1706 1220 1715 1234 ‚
1730 1196 1810 1230 vtfic

322 1246 523 1290 intelligerent
531 1248 618 1279 eiiam
630 1245 721 1278 Iudaei
730 1244 803 1288 legis
812 1243 975 1278 auditores,
984 1240 1117 1285 indigere
1126 1240 1153 1274 se
1161 1242 1256 1285 gratia
1264 1238 1460 1272 iustificatoris
1470 1264 1478 1276 ‚
1485 1251 1518 1273 vr
1525 1240 1641 1284 possent
1651 1239 1707 1273 effe
1716 1241 1810 1276 flieto-

322 1304 378 1326 res.
404 1291 499 1324 Simili
510 1303 632 1335 quoque
641 1290 738 1324 modo
747 1290 888 1323 dicuntur
896 1297 1018 1332 peccata
1026 1298 1079 1331 per
1088 1289 1149 1320 oris
1157 1285 1383 1319 confessionem
1392 1285 1514 1321 dimitti,
1525 1285 1729 1321 licutsecunda
1735 1287 1811 1322 festa

323 1338 527 1370 mediantiiim
537 1336 733 1373 ostendebat,
742 1335 826 1379 quod
836 1345 935 1368 tamen
950 1344 1011 1365 non
1024 1333 1119 1376 potest
1128 1332 1251 1376 intelligi
1265 1331 1472 1365 antecedenter
1481 1343 1615 1375 tempore
1628 1344 1683 1365 nec
1692 1344 1808 1369 natura;

322 1395 365 1416 ita
386 1383 525 1416 videlicet
543 1382 628 1426 quod
644 1393 706 1414 oris
722 1379 871 1415 confessio
883 1377 1041 1413 antecedat
1055 1389 1192 1423 tempore
1204 1380 1252 1411 vel
1271 1388 1376 1410 natura
1393 1375 1595 1411 dimissionem
1612 1390 1809 1422 pcccatorum
1837 1362 1867 1395 C

322 1429 501 1462 mortalium
519 1428 620 1472 quoad
631 1429 752 1470 culpam
761 1452 771 1466 .,
780 1428 851 1460 sicut
862 1426 892 1460 ὃ(
901 1435 1008 1458 contra
1020 1423 1145 1457 eandem
1153 1424 1207 1456 fuit
1217 1422 1367 1457 ostensum
1378 1447 1388 1461 ‚
1396 1421 1444 1455 sed
1452 1426 1695 1458 concomitanter
1703 1432 1733 1458 ὃς
1743 1423 1812 1458 sub-

322 1477 477 1519 sequenter
496 1472 660 1507 secundum
676 1474 776 1517 legem
792 1474 928 1506 statutam
938 1493 945 1505 ‚
958 1472 1029 1515 quia
1039 1469 1178 1502 videlicet
1186 1469 1224 1502 ad
1240 1468 1812 1508 iustificationeminiusti,&conserua-

322 1523 439 1553 tionem
451 1521 562 1553 iustitiae
574 1544 580 1556 ,
596 1530 718 1565 oportet
730 1517 892 1551 secundum
908 1516 1007 1560 legem
1019 1515 1154 1548 Ecclefiae
1165 1539 1174 1554 ‚
1183 1514 1204 1548 si
1214 1515 1338 1549 facultas
1347 1511 1482 1552 affuerit,
1492 1515 1574 1558 quod
1584 1518 1646 1548 oris
1664 1515 1811 1550 constsfio

320 1566 512 1610 subsequatur
522 1566 673 1610 3alioquin
691 1576 815 1610 propter
822 1573 943 1596 contem
949 1573 1035 1606 ptum
1044 1561 1169 1595 redeunt
1183 1571 1307 1605 peccata
1322 1560 1400 1604 prius
1407 1561 1437 1593 in
1447 1563 1628 1594 contritione
1635 1561 1664 1595 ὅ(
1671 1564 1812 1607 proposi-

321 1623 355 1645 to
367 1611 533 1645 confitendi
547 1611 657 1649 delct23
671 1612 796 1644 redeunt
807 1634 816 1648 ,
824 1610 948 1652 inquam
956 1632 966 1647 ,
979 1608 1049 1641 vere
1059 1607 1107 1639 vel
1116 1606 1339 1650 imputabiliter,
1350 1602 1397 1639 seu
1406 1607 1490 1650 :tque
1498 1607 1812 1649 ponderantersecun-

323 1657 398 1689 dum
411 1657 685 1693 re:1tum.veletiam
695 1655 962 1701 praeponderantcr
970 1664 1096 1698 propter
1111 1663 1362 1697 aggtaiiationem
1371 1654 1442 1685 noui
1457 1663 1650 1697 contemptus
1667 1654 1809 1689 adiunffl.

322 1704 397 1737 Hoc
407 1702 508 1736 modo
517 1701 648 1735 similiter
657 1701 800 1736 dicuntur
808 1711 931 1745 peccata
940 1701 968 1732 in
978 1699 1084 1734 adultis
1101 1711 1152 1743 per
1161 1698 1343 1743 baptismum
1357 1698 1480 1731 remitti:
1508 1700 1590 1742 Qis
1597 1709 1676 1732 enim
1685 1699 1813 1735 catholi-

322 1760 377 1781 cus
387 1748 505 1783 dubitat
522 1760 631 1781 ornnes
646 1758 817 1792 peccatores
834 1757 966 1790 magnos
981 1745 1013 1779 ἂ
1030 1746 1176 1789 paruosin
1187 1742 1390 1777 remissionem
1404 1754 1595 1787 peccatorum
1611 1749 1814 1780 communiter

321 1794 481 1839 baptizari²
491 1792 563 1826 sicut
574 1792 720 1838 baptisma
728 1795 758 1826 in
769 1790 973 1825 remislionem
984 1800 1176 1835 peccatorum
1187 1792 1227 1823 est
1236 1790 1623 1822 communiterinstitutum÷
1642 1792 1724 1830 Quis
1733 1794 1812 1826 enim

322 1852 388 1874 non
398 1839 560 1884 profitetur
575 1838 748 1872 Concilium
768 1840 924 1871 Niccnum
935 1862 944 1876 ‚
952 1836 1036 1881 quod
1045 1847 1100 1880 pro
1111 1846 1176 1869 tota
1185 1835 1296 1868 Christi
1307 1834 1435 1868 Ecclesia
1443 1839 1474 1867 8(
1481 1835 1605 1879 singulis
1612 1834 1683 1873 filiis
1698 1838 1758 1870 eius
1767 1838 1813 1870 di-

323 1889 362 1918 ci‘t
373 1913 380 1923 ,
402 1884 668 1918 Confiteorvnum
681 1883 828 1928 baptisma
843 1887 873 1917 in
889 1879 1095 1916 remissionem
1112 1887 1322 1926 peccatorum?
1348 1880 1554 1914 Multitamen
1563 1880 1654 1914 adulti
1663 1893 1731 1914 ante
1740 1882 1811 1928 bap·
1837 1902 1869 1935 D

323 1930 443 1964 tismurn
454 1942 540 1976 aquae
549 1933 595 1964 seu
606 1931 752 1967 fluminis,
761 1931 790 1962 in
799 1929 952 1973 baptismo
962 1928 1089 1961 flaminis
1099 1925 1287 1961 credendoin
1298 1925 1455 1959 Christum
1466 1926 1512 1963 ,ἂ
1522 1931 1551 1958 i'n
1561 1925 1706 1970 baptismo
1713 1933 1812 1971 poeni-

326 1977 428 2010 tentisc
438 1977 454 2008 a
466 1979 594 2019 peccatis
602 1975 749 2009 omnibus
757 1978 823 2008 sunt
830 1974 1061 2010 mundarifflcuc
1070 1970 1204 2016 superius
1213 1984 1320 2006 contra
1329 1971 1486 2006 secundam
1494 1970 1604 2004 seciam
1615 1973 1814 2008 mediantium

324 2021 618 2055 monstrabatunisti
626 2034 699 2065 ergo
708 2020 895 2066 baptizantur
903 2023 934 2053 in
942 2014 1144 2052 remissionem
1153 2029 1360 2062 peccatorum,
1368 2028 1428 2050 non
1437 2017 1656 2057 antecedenter,
1663 2018 1712 2051 sed
1723 2019 1815 2053 subse.

324 2079 451 2112 quentci·
461 2067 562 2101 modis
571 2066 730 2110 praediffis.
764 2065 877 2099 Adhuc
888 2076 987 2098 autem
1004 2067 1216 2107 poenitentiam
1231 2064 1376 2097 actualem
1393 2061 1548 2096 iustificare
1556 2065 1697 2097 iniustum
1708 2090 1716 2104 ‚
1726 2066 1756 2100 ὃ(
1765 2065 1818 2100 de-

325 2114 386 2146 lerc
396 2124 516 2156 peccata
526 2115 622 2158 potest
632 2111 743 2145 habere
752 2111 902 2155 duplicem
912 2110 1097 2143 intelleelum
1110 2135 1118 2149 ‚
1127 2108 1236 2142 scilicet
1246 2108 1383 2142 effectiue
1398 2108 1443 2141 vel
1453 2107 1598 2142 ostensiue
1606 2111 1814 2146 ,manifestati-

325 2161 376 2196 υὲ,
386 2159 528 2192 scuetiam
539 2157 747 2201 fignificatiue.
783 2157 920 2191 Aetunlis
929 2167 1061 2200 namque
1075 2156 1268 2199 poenitentia.
1279 2156 1309 2190 ὃ(
1318 2154 1553 2199 maximequalis
1565 2155 1596 2186 in
1606 2155 1732 2188 Ecclesia
1741 2158 1815 2190 cele-

326 2204 429 2238 bratur
437 2230 444 2241 ,
458 2204 588 2237 ostendit
597 2229 605 2244 ‚
615 2203 785 2238 manifestat
794 2210 841 2243 ,sc
852 2204 892 2235 est
901 2201 1019 2246 signum
1034 2200 1119 2245 quod
1129 2203 1285 2244 poenitens
1298 2200 1486 2238 iustificatur,
1494 2201 1524 2235 &
1532 2199 1614 2243 quod
1624 2203 1685 2234 eius
1694 2213 1814 2246 peccata

327 2250 395 2283 sunt
404 2250 499 2283 deleta
520 2262 529 2282 ε
558 2251 604 2282 Sic
614 2252 693 2281 enim
703 2250 903 2281 communiter
913 2246 943 2280 ὃ(
954 2246 1101 2281 catholice
1118 2247 1245 2280 dicimus
1261 2258 1314 2290 per
1322 2249 1382 2279 oris
1391 2244 1613 2279 confessionem
1622 2270 1632 2285 ‚
1647 2248 1677 2281 ὃ(
1686 2251 1814 2290 pooesta-

328 2307 389 2329 tem
399 2294 651 2331 clauium,scilicet
661 2294 885 2328 absolutionem
893 2293 1054 2325 sacerdotis
1061 2303 1182 2337 peccata
1190 2290 1384 2331 dimitti,sicut
1394 2291 1520 2324 secunda
1529 2289 1649 2329 sesta,&
1658 2295 1744 2325 tertia
1752 2306 1815 2327 me-

330 2342 481 2374 diantiiim
493 2339 836 2386 demonstrabant,quod
846 2350 946 2372 tamen
956 2349 1019 2370 non
1031 2339 1126 2382 potest
1137 2338 1260 2382 intelligi
1269 2338 1401 2382 proprie,
1409 2336 1558 2376 effe-stine,
1567 2336 1751 2372 ficutcontra
1760 2339 1816 2373 cal2

328 2388 399 2420 dem
411 2387 540 2430 superius
547 2388 586 2419 est
595 2386 746 2419 ostensum
757 2412 764 2423 ,
773 2385 820 2419 sed
829 2384 1081 2418 manifestatiuc&
1091 2382 1285 2427 significatiue
1302 2396 1309 2414 :
1333 2381 1613 2416 Manifestantenim
1624 2408 1633 2422 ‚
1642 2389 1673 2416 δι
1682 2383 1748 2416 siint
1756 2384 1812 2428 sig-

329 2439 406 2466 nain
417 2433 485 2464 foro
497 2432 634 2464 Ecciefiae
650 2433 733 2475 quod
743 2441 861 2476 peccata
878 2427 943 2463 sunt
952 2429 1067 2463 dimissa
1084 2426 1259 2462 confessis&
1267 2426 1407 2461 absolutis
1417 2428 1577 2461 secundum
1592 2428 1671 2472 leges
1680 2430 1813 2464 Ecclefiae

329 2480 513 2511 constitutas.
539 2480 640 2518 Qiare
651 2478 680 2511 ὅ(
690 2477 727 2509 de
744 2477 920 2521 poenitentia
929 2475 992 2508 dist.
1003 2485 1013 2506 i
1023 2499 1030 2506 .
1039 2477 1198 2520 postquam
1209 2474 1304 2507 valide
1313 2474 1352 2505 est
1368 2472 1529 2515 probatum
1540 2485 1678 2518 ‚peccata
1686 2487 1740 2519 per
1748 2487 1813 2520 gra-

331 2526 404 2555 tiam
414 2535 482 2557 ante
498 2522 716 2556 confessionem
729 2522 839 2556 dimitti
852 2545 860 2557 ‚
871 2519 1076 2564 subiungitur}
1092 2519 1125 2554 fit
1134 2522 1235 2564 itaque
1249 2516 1396 2552 confessio
1406 2519 1443 2552 ad
1453 2517 1651 2553 ostensionem
1662 2524 1814 2564 poeniten-

332 2573 380 2602 tiae
391 2595 397 2607 ,
409 2568 516 2602 nonad
534 2571 778 2611 impetrationem
797 2569 909 2601 veniae;
927 2565 1039 2600 &sicut
1055 2564 1236 2598 circumcisio
1246 2565 1314 2597 data
1323 2564 1363 2596 est
1378 2563 1511 2597 Abrahae
1526 2566 1556 2597 in
1568 2563 1683 2609 lignum
1698 2568 1812 2600 iustin‘ae

331 2627 393 2648 non
405 2626 432 2645 in
443 2616 558 2646 causam
568 2614 796 2653 iustificationis,
815 2612 853 2645 sic
866 2610 1019 2644 confessio
1028 2610 1154 2643 offertur
1162 2610 1315 2645 Sacerdoti
1325 2614 1353 2643 in
1365 2609 1481 2653 signum
1489 2612 1582 2643 veniae
1590 2622 1720 2656 acceptae
1730 2637 1739 2651 ‚
1750 2623 1813 2646 non

332 2663 363 2693 in
373 2660 489 2693 causam
498 2658 678 2693 remissionis
685 2658 875 2702 accipiendae.
900 2660 1006 2698 Quare
1014 2656 1045 2690 ὅ(
1055 2655 1156 2689 Gloffa
1165 2656 1252 2700 super
1260 2656 1437 2699 principium
1451 2655 1528 2689 illius
1537 2657 1641 2698 prirnae
1650 2658 1814 2691 distinctio-

332 2708 389 2741 nis,
398 2708 519 2739 recitata
528 2707 674 2749 opinione
682 2705 810 2741 dicente,
822 2703 906 2748 quod
914 2703 975 2735 sola
986 2702 1087 2735 cordis
1101 2703 1244 2734 contritio
1253 2712 1315 2733 non
1326 2701 1404 2734 delet
1411 2712 1541 2744 peccata,
1554 2701 1605 2734 vbi
1614 2705 1701 2747 copia
1709 2704 1813 2736 Sacer-

333 2752 411 2785 dotis
422 2749 559 2787 habetur,
570 2750 732 2794 siibiungit;
740 2750 788 2783 sed
797 2749 940 2793 quicquid
951 2748 1095 2786 dicandic
1103 2747 1186 2790 quod
1196 2758 1251 2778 nec
1258 2745 1357 2779 cordis
1367 2747 1620 2783 contritionefflec
1630 2750 1691 2782 oris
1698 2747 1814 2781 confes-

332 2797 415 2829 sione
425 2807 542 2841 peccata
553 2796 747 2829 dimittuntur
755 2821 763 2833 ‚
776 2796 824 2829 sed
835 2805 951 2827 tantum
961 2796 1055 2838 gratia
1067 2794 1127 2826 Dei
1136 2806 1146 2831 3
1156 2791 1202 2825 sed
1211 2792 1272 2836 ipsa
1281 2792 1380 2825 cordis
1387 2793 1528 2825 contritio
1537 2791 1702 2836 fignumest
1711 2805 1814 2836 pecca—

333 2843 427 2878 taeffe
442 2839 572 2882 dimissa,
582 2840 655 2875 sicut
669 2842 800 2875 exterior
812 2840 976 2875 satisfactio
991 2840 1032 2873 est
1042 2837 1159 2883 signum
1173 2838 1271 2872 cordis
1280 2838 1478 2871 contritionis.
1501 2839 1562 2872 Cui
1578 2839 1609 2875 ὅ(
1620 2838 1812 2874 concorditer

1708 2885 1812 2917 Petrus
