1985 3130
207 157 287 221 838

136 347 149 385 Η
163 348 189 375 in
196 347 299 377 aeterni-

136 396 187 416 tate
193 397 264 416 enim

158 2432 289 2461 Hemicus.

796 150 962 198 ‘Thomae
971 144 1252 197 ‘Bradwardini
1664 146 1712 197 L
1726 167 1739 196 i
1753 167 1795 199 B.
1812 168 1847 211 3.

318 252 348 282 in
358 247 440 283 sensu
450 247 543 281 diuiso
554 248 615 281 haec
623 247 697 284 duo,
711 242 817 277 scilicet
825 242 881 276 effe
891 242 1129 287 praedestinatum
1140 243 1170 277 ὅ(
1178 239 1261 286 poffc
1268 240 1414 280 damnari,
1431 239 1547 274 diuifim
1557 241 1586 273 in
1596 241 1712 276 duabus
1721 254 1797 277 cate·
1817 246 1848 277 A

320 296 577 340 goricisdicuntui·
586 294 623 325 de
631 292 752 327 eodem,
769 302 822 322 nec
832 289 903 321 ideo
913 286 1054 332 opposita
1064 286 1129 320 sunt
1137 287 1223 319 simul
1231 297 1314 324 veta,
1322 297 1376 319 nec
1387 298 1477 319 etiam
1488 288 1583 330 potest
1593 298 1689 320 vnum
1698 287 1797 322 succe-

321 342 477 375 derealteri
496 353 506 377 3
522 339 647 382 llquiain
656 340 809 368 eternitate
825 345 886 367 non
903 333 998 377 potest
1013 332 1069 366 esse
1086 333 1228 365 successio
1244 346 1254 370 ς
1271 332 1381 364 sedista
1391 334 1456 364 suut
1471 343 1540 365 vera
1549 331 1644 370 simul,
1661 335 1691 365 i'n
1701 346 1797 378 quan-

322 398 385 420 turn
395 387 511 421 volutio
521 385 623 416 diuina
632 379 843 417 consideratur,
858 391 890 411 Vt
910 389 1004 423 prior,
1020 379 1188 412 naturaliter
1203 376 1326 411 transitu
1341 376 1428 420 ipsius
1441 377 1527 421 super
1540 378 1614 411 istud
1628 378 1796 421 obiesturn,

322 431 406 477 quod
422 433 461 465 est
477 431 569 473 gloria
578 431 633 465 isti,
650 439 680 459 in
697 427 749 458 illo
768 426 861 470 primi
879 424 1059 462 naturaliter,
1072 435 1135 455 non
1152 434 1299 467 repugnat
1312 421 1365 455 fibi
1379 423 1437 456 effe
1451 423 1579 467 oppositi
1595 423 1717 465 obiecti,
1730 427 1797 460 im&

322 477 417 522 posset
425 474 611 510 essentialiter
619 472 675 507 effe
683 471 826 515 oppositi,
840 469 888 502 sed
901 481 965 502 non
984 469 1070 501 simul
1084 468 1254 502 amborum.
1281 469 1366 508 Quis
1379 467 1494 512 infiiper
1505 467 1798 506 concesseritcreatu-

321 533 385 556 ram
394 520 582 559 rationalem,
596 518 729 552 maxime
739 516 759 548 fi
777 517 906 549 voluerit
919 516 950 550 ὁ(
964 515 1092 548 noluerit
1109 514 1326 548 tantummodo
1342 525 1378 547 ex
1386 513 1484 559 scipsa,
1499 525 1535 546 ex
1545 516 1714 548 necessitate
1723 529 1798 562 prae-

322 568 466 607 cedente,
491 573 522 599 ac.
546 576 608 599 non
630 575 667 598 ex
691 562 826 595 libertate
843 560 1089 594 contradictionis
1106 561 1270 604 producere
1286 558 1414 592 liberum
1432 560 1507 593 velle
1520 561 1623 600 suum,
1646 563 1693 594 vcl
1707 565 1798 597 etiam

323 613 394 647 sicut
412 613 449 646 de
465 612 544 645 fasto
559 622 639 643 nunc
656 609 719 642 vult
730 632 742 647 ‚
758 610 828 641 Deo
844 608 951 640 scilicet
967 616 1136 649 praeagente
1147 630 1157 645 ,
1173 611 1203 640 δι
1221 616 1257 637 ex
1272 603 1444 638 necessitate
1461 606 1647 649 praecedente
1664 606 1798 653 respectu

323 657 496 692 inferiorum
516 658 667 688 causarum
678 678 690 693 ‚
713 655 743 689 ὃ(
761 665 824 686 noti
840 664 874 685 ex
893 652 1027 684 libertate
1041 651 1291 684 contradistionis
1304 653 1437 693 rcipeetu
1453 650 1568 684 illarum
1584 652 1748 696 producere
1764 655 1799 687 li-

322 704 428 737 berum
437 703 510 737 velle
519 702 601 734 suurn
613 726 623 740 ,
638 711 729 744 quare
744 700 775 733 <St
790 697 1056 743 correspondentes
1075 694 1154 740 pcss'e
1170 707 1307 740 potentia
1323 696 1506 739 praecedente
1522 697 1595 731 illud
1609 708 1798 743 nequaquam

324 750 491 793 producere
507 755 516 779 ἓ
536 747 718 790 Necaliquis
726 743 882 777 aestimabit
898 753 1060 776 creaturam
1072 742 1261 778 rationalem,
1278 752 1425 785 quantum
1435 741 1475 774 est
1492 742 1529 775 de
1543 744 1654 776 ratione
1670 744 1726 777 suae
1742 756 1798 788 po-

326 798 425 828 tentiae
439 792 516 828 nude
532 791 563 826 ὃ(
577 792 710 825 absolute:
725 789 913 823 consideratae
924 813 931 825 ,
954 788 984 821 ὃ(
1003 787 1040 820 de
1056 789 1190 830 potentia
1203 787 1340 820 absoluta
1352 811 1360 825 .
1384 794 1415 821 ὅ(
1438 798 1501 819 non
1516 792 1718 832 repugnantia:
1734 802 1798 823 non
1813 780 1833 812 Β

325 842 409 885 posse
418 840 499 873 nolle
518 837 579 870 hoc
593 837 675 881 quod
692 847 774 868 nunc
791 834 864 867 vult.
889 834 1062 871 Quomodo
1070 843 1214 878 namque,
1227 834 1281 866 isto
1295 843 1377 866 nunc
1393 834 1514 866 volente
1531 845 1595 867 cras
1611 835 1724 878 legere,
1748 837 1799 868 ista

326 886 449 930 simplex
462 886 627 926 categorica
640 907 647 919 ‚
667 882 721 914 Iste
738 893 801 914 non
817 880 880 912 vult
894 890 974 912 nunc
989 891 1051 911 cras
1067 879 1176 922 legere,
1194 889 1246 922 per
1263 879 1290 910 se
1306 877 1474 920 simpliciter
1489 886 1518 912 δι
1534 879 1701 912 formaliter
1714 880 1801 914 abso-

327 932 389 964 lut&
398 928 780 974 repugnantiamimplicat,
794 937 843 959 aut
860 925 1130 958 contradictionem
1146 924 1272 957 includit
1290 931 1298 954 ἒ
1323 926 1400 966 Qis
1416 926 1495 956 enim
1503 935 1564 957 tam
1574 927 1686 959 nescius
1699 928 1727 957 in
1745 938 1800 971 po..

326 977 434 1011 sitione
442 975 640 1018 obligatoria,
657 973 751 1006 vrhac
761 971 883 1004 admissa
893 981 1034 1013 tanquam
1044 970 1196 1014 possibili,
1217 981 1279 1002 non
1294 968 1321 1001 se
1337 970 1461 1001 faciliter
1476 971 1493 1001 a
1508 971 1743 1004 contraditstione
1751 972 1800 1006 de.

327 1024 443 1059 tendat,
462 1021 538 1055 &ab
548 1023 633 1053 omni
645 1016 975 1063 impossibiliabsolute,
991 1027 1084 1048 omne
1098 1015 1224 1058 sequens
1233 1015 1614 1053 formaliterconccdcndo‚
1630 1028 1801 1062 repugnans

327 1067 482 1112 negando,
496 1066 689 1108 impertinens
699 1063 873 1100 rejiciendo,
888 1060 958 1094 sicut
967 1062 1075 1094 Itiristae
1091 1068 1100 1092 ἓ
1116 1062 1200 1093 Alias
1209 1061 1319 1094 etenim
1330 1071 1515 1104 quocunque
1523 1074 1583 1094 vno
1593 1062 1802 1106 posito,posset

329 1115 367 1147 de
375 1111 667 1154 miolibetdisputan‘,
682 1111 729 1143 vel
738 1108 898 1142 secundum
910 1109 992 1139 suam
1003 1108 1186 1151 qualitatem,
1202 1106 1222 1138 fi
1240 1106 1377 1144 voluerit,
1392 1107 1616 1149 respondendo,
1634 1106 1705 1141 sicut
1719 1109 1749 1142 ὅ(
1763 1109 1802 1142 de

328 1146 405 1193 isto⁴3
427 1158 462 1190 In
476 1158 512 1189 A.
524 1156 582 1189 lioc
593 1155 853 1199 prtesentiinstanti
865 1154 998 1185 existenti
1008 1152 1156 1190 Londini,
1175 1151 1193 1184 si
1211 1163 1340 1195 ponatur
1348 1163 1487 1194 tanquam
1502 1151 1632 1187 absolute
1649 1153 1801 1197 possibile,

328 1212 358 1238 sc
369 1204 497 1236 similiter
506 1203 690 1239 admittatur,
707 1201 760 1233 Iste
768 1211 829 1232 non
840 1199 878 1230 est
889 1199 1033 1236 Londini,
1047 1196 1095 1230 std
1109 1200 1218 1230 Roma:
1234 1201 1263 1230 in
1273 1199 1316 1230 A.
1334 1198 1413 1229 nulla
1421 1197 1621 1231 contradisti'o
1637 1200 1803 1234 formaliter

327 1252 474 1294 sequitur,
490 1260 545 1281 nec
559 1246 682 1290 aliquod
696 1244 883 1290 impossibile
898 1242 1052 1280 absolute,
1068 1244 1138 1276 licet
1153 1254 1185 1276 vt
1200 1255 1279 1276 nunc
1296 1249 1326 1276 8(
1340 1253 1392 1287 per
1406 1242 1543 1276 accidens
1559 1244 1758 1277 contradictio
1771 1247 1803 1281 ὅ(

328 1293 515 1339 impossibile
531 1292 666 1326 absolute
682 1291 825 1334 consequi
843 1290 990 1326 videatur,
1008 1288 1094 1333 quod
1108 1289 1159 1320 isse
1177 1288 1323 1326 videlicet,
1340 1289 1441 1333 quiest
1451 1288 1621 1323 Londiniin
1631 1291 1671 1323 A.
1688 1303 1751 1322 non
1768 1289 1802 1324 fit

329 1341 476 1376 Londini,
492 1337 583 1370 sediit
594 1337 788 1371 RomaeinA.
806 1347 815 1370 ς
830 1336 904 1368 istud
920 1346 1020 1368 tamen
1036 1345 1089 1378 per
1098 1335 1125 1366 se
1133 1334 1301 1377 simpliciter
1317 1335 1346 1368 ὃ(
1362 1333 1494 1367 absolute
1502 1334 1688 1368 conflatnon
1704 1335 1842 1379 sequi:C

328 1386 411 1432 quod
423 1386 503 1417 enim
512 1384 563 1416 iste
574 1382 607 1415 sit
618 1383 750 1416 Londini
759 1384 788 1414 in
800 1383 840 1413 A.
859 1392 920 1413 non
936 1381 975 1413 est
985 1378 1175 1412 necessarium
1186 1379 1336 1417 absolute,
1353 1391 1408 1411 nec
1416 1379 1472 1412 esse
1480 1379 1612 1413 Londini
1621 1383 1650 1413 in
1662 1382 1701 1414 A.
1712 1380 1801 1426 perse

328 1430 554 1467 &essentialiter
567 1430 638 1462 inest
655 1429 725 1461 huic
740 1429 770 1460 in
780 1427 821 1460 A.
848 1425 917 1458 Im&
931 1436 1078 1468 quatenns
1093 1425 1132 1457 est
1149 1425 1186 1458 de
1199 1436 1303 1458 natura
1319 1427 1372 1460 rei.
1389 1424 1420 1458 &
1435 1424 1473 1456 de
1488 1436 1586 1457 terum
1604 1429 1735 1469 potentia
1749 1426 1804 1459 ab·

328 1478 443 1511 soluta,
465 1486 527 1509 non
552 1484 726 1516 repugnaret
743 1472 800 1504 hoc
820 1482 882 1504 non
897 1472 986 1504 inesse
1001 1471 1072 1503 huic
1088 1473 1117 1503 in
1135 1471 1175 1502 A.
1198 1470 1297 1503 Potuit
1310 1471 1390 1503 enim
1406 1471 1457 1502 iste
1470 1471 1618 1514 arripuisse
1635 1474 1691 1504 iter
1705 1473 1722 1504 a
1739 1472 1803 1510 diu,

329 1529 359 1555 ὅ(
377 1523 406 1554 in
421 1522 461 1553 A.
479 1520 525 1554 vel
534 1520 615 1564 prius
624 1520 755 1552 Romam
765 1517 889 1551 finaliter
899 1515 1071 1558 peruenisse.
1095 1516 1194 1550 Simili
1210 1527 1334 1560 quoque
1350 1515 1609 1550 modoistehomo
1618 1519 1706 1561 quiin
1715 1518 1755 1550 A.
1763 1520 1804 1551 est

327 1568 454 1601 albus&
465 1566 581 1601 sedens,
598 1565 692 1608 potest
705 1576 733 1597 in
743 1564 781 1595 A.
791 1575 856 1596 nori
870 1560 924 1596 esse
939 1563 969 1596 in
986 1563 1026 1594 A.
1041 1560 1125 1595 albus
1139 1572 1194 1594 nec
1207 1561 1322 1598 sedens,
1339 1560 1385 1593 sed
1402 1563 1487 1604 niger
1497 1562 1610 1596 &stans
1625 1574 1675 1596 aut
1692 1565 1804 1597 iacens.

328 1614 367 1646 Et
381 1612 402 1643 fi
415 1613 485 1656 quis
500 1611 624 1648 obiiciat
641 1609 724 1654 quod
742 1608 826 1642 simili
842 1607 939 1641 modo
955 1606 1049 1652 posset
1063 1609 1111 1639 seu
1129 1607 1222 1650 potest
1236 1609 1322 1640 Deus
1335 1618 1398 1640 non
1410 1605 1466 1640 esse
1481 1620 1492 1645 3
1507 1606 1690 1641 salsissimum
1699 1609 1752 1647 est,
1767 1608 1805 1640 fi-

329 1670 381 1691 cut
396 1657 587 1690 corollarium
605 1655 814 1698 decimiquarti
831 1656 920 1698 primi
936 1654 1032 1686 docet.
1055 1652 1142 1686 Hanc
1156 1662 1257 1684 autem
1275 1652 1446 1685 sententiam
1461 1653 1550 1696 plane
1564 1655 1680 1687 testatur
1694 1653 1805 1689 Iohan-

330 1715 382 1737 nes
391 1704 496 1736 Scotus
506 1702 592 1745 super
605 1711 612 1732 i
625 1700 764 1734 .sentent.
774 1699 963 1732 distinctione
979 1698 1116 1734 secunda.
1133 1698 1238 1736 Voco,
1251 1697 1402 1740 inquiens,
1414 1701 1622 1742 contingenter
1636 1698 1802 1736 causatum,

332 1751 414 1781 cuius
429 1746 604 1792 oppositum
619 1745 712 1790 posset
725 1744 788 1779 fieti
802 1746 924 1788 quando
934 1745 1008 1777 illud
1018 1743 1050 1777 fit
1069 1757 1076 1775 ε
1095 1744 1125 1778 ὃ(
1140 1743 1214 1776 insta
1230 1742 1316 1785 super
1328 1743 1391 1776 dist.
1404 1754 1457 1783 39.
1478 1745 1556 1776 Non
1565 1745 1676 1783 modo,
1692 1747 1803 1789 inquit,

332 1796 381 1827 Est
395 1793 480 1826 causa
494 1796 686 1836 contingens,
704 1793 772 1835 quia
781 1790 983 1834 praeexistebat
999 1799 1066 1822 ante
1083 1788 1156 1822 illud
1166 1789 1272 1821 instans
1290 1799 1319 1821 in
1335 1799 1400 1832 quo
1417 1790 1533 1826 causat,
1555 1791 1585 1825 ὃ(
1600 1802 1671 1822 tunc
1686 1801 1717 1823 vt
1733 1802 1804 1834 prae-

334 1841 460 1872 existens
476 1842 574 1881 potuit
591 1839 707 1870 causare
722 1836 768 1868 vel
783 1847 846 1867 uon
863 1835 979 1868 causare
994 1849 1005 1873 ;
1026 1837 1096 1879 quia
1112 1833 1184 1866 ficut
1207 1833 1268 1865 hoc
1291 1845 1343 1866 ens
1357 1834 1478 1876 quando
1487 1836 1539 1871 est,
1558 1835 1597 1867 est
1612 1834 1802 1869 neccffari‘um

333 1886 380 1918 vel
399 1895 599 1927 contingens,
621 1885 661 1916 ita
675 1882 759 1915 causa
777 1881 899 1925 quando
915 1881 1032 1918 causat,
1056 1890 1127 1912 tunc
1148 1879 1246 1912 causat
1269 1878 1428 1913 necessario
1452 1881 1499 1913 vel
1515 1883 1734 1925 contingenter.
1759 1882 1804 1915 Ex
1819 1887 1847 1920 l)

333 1931 597 1974 quoigitutinisto
610 1927 878 1961 instantivoluntas
893 1929 987 1960 causat
1004 1926 1065 1957 hoe
1075 1924 1161 1964 velle,
1176 1929 1207 1956 8(
1226 1936 1289 1958 non
1305 1925 1475 1965 necessario,
1492 1925 1562 1959 ideo
1577 1929 1805 1971 contingentet;

335 1977 472 2018 estigitur
483 1976 617 2018 potentia
632 1974 724 2006 causae
739 1972 776 2005 ad
793 1971 966 2015 oppositum
983 1974 1042 2004 eius
1058 1971 1140 2015 quod
1155 1968 1254 2003 causat
1272 1969 1331 2002 sine
1347 1970 1540 2010 successione,
1561 1971 1592 2005 ὃ(
1607 1972 1656 2004 illa
1671 1973 1805 2016 porentia

335 2022 420 2053 realis
438 2022 477 2053 est
491 2021 625 2062 potentia
640 2019 747 2061 prioris
762 2018 943 2054 naturaliter,
959 2027 990 2050 vt
1007 2018 1089 2048 auus
1099 2018 1196 2060 primi,
1211 2018 1315 2048 omnia
1332 2028 1397 2060 qua:
1410 2018 1474 2049 sunt
1490 2018 1649 2060 posteriora
1665 2017 1806 2050 naturali-

336 2078 378 2099 ter
394 2077 425 2099 vt
441 2067 524 2098 astus
538 2064 656 2098 secundi
670 2076 678 2095 :
693 2066 776 2096 astus
791 2064 903 2107 primus
919 2061 1121 2095 confideratus
1135 2064 1165 2092 in
1183 2061 1236 2093 illo
1250 2062 1386 2101 instanti,
1410 2063 1441 2092 in
1457 2073 1519 2106 quo
1534 2062 1573 2095 est
1589 2066 1671 2105 prior
1686 2073 1806 2095 natura-

335 2112 399 2144 liter
414 2112 481 2143 astu
498 2110 642 2148 secundo,
659 2110 699 2140 ita
712 2110 799 2152 ponit
814 2108 898 2140 illum
916 2119 946 2139 in
963 2107 1019 2138 effe
1036 2117 1179 2151 tanquam
1197 2105 1338 2140 effeetum
1353 2108 1435 2140 suum
1451 2109 1658 2151 contingenter
1672 2122 1682 2146 ς
1706 2110 1756 2152 qui
1774 2118 1806 2140 vt

336 2159 418 2200 prior
428 2156 601 2188 naturaliter
610 2153 779 2196 poffeteum
789 2165 851 2186 non
862 2164 986 2196 ponere,
1009 2153 1056 2186 sed
1065 2152 1239 2196 oppositum
1249 2153 1278 2183 iii
1288 2151 1353 2185 esse.
1380 2153 1445 2194 Qi‘
1460 2152 1490 2186 ὃ(
1505 2150 1616 2185 ibidem
1626 2155 1808 2196 distinguen-

337 2202 380 2233 do
389 2199 754 2233 multifariamlibertatem
766 2222 774 2235 ,
791 2199 829 2230 fic
838 2200 896 2235 ait,
923 2199 1009 2230 Est&
1020 2198 1075 2231 alia
1090 2199 1209 2231 libertas
1225 2208 1287 2229 non
1302 2199 1343 2230 ita
1360 2196 1511 2231 manifesta
1519 2196 1632 2242 absque
1647 2201 1732 2231 omni
1746 2199 1808 2231 suc-

338 2245 471 2280 cessione
487 2256 494 2279 ;
511 2245 657 2288 ponendo
667 2245 748 2275 enim
758 2247 943 2276 voluntatem
960 2254 1088 2276 creatam
1104 2243 1219 2276 tantum
1230 2241 1336 2276 habere
1348 2243 1405 2275 essc
1420 2244 1450 2275 in
1461 2244 1662 2281 vnoinssmri,
1678 2245 1708 2278 ἃ
1723 2243 1808 2288 quod

338 2294 400 2335 ipsa
414 2293 443 2324 in
459 2291 511 2324 illo
524 2292 639 2324 instanti
654 2287 761 2323 habeat
775 2288 962 2321 volutionem
975 2312 982 2323 .
1004 2300 1067 2321 non
1083 2285 1245 2320 necessario
1259 2298 1330 2321 tunc
1343 2286 1433 2319 habet
1449 2299 1516 2320 eam
1533 2300 1542 2324 ς
1557 2289 1639 2332 quod
1657 2294 1688 2321 8(
1706 2287 1810 2321 conse-

339 2347 466 2383 quenter
482 2335 610 2368 ostendit
627 2346 678 2378 per
692 2345 785 2366 artem
799 2334 1028 2376 obligatoriam,
1051 2333 1194 2377 ponendo
1210 2343 1353 2377 tanquam
1369 2332 1507 2376 possibile
1520 2334 1602 2367 illam
1619 2335 1809 2368 volutionem

340 2386 370 2415 in
386 2382 437 2414 illo
454 2381 572 2414 instanti
586 2392 649 2414 non
664 2376 739 2417 esse,
763 2378 836 2411 ficut
859 2378 990 2421 superius
1014 2378 1170 2412 faciebam.
1207 2377 1296 2410 Hanc
1315 2379 1443 2412 eandem
1460 2378 1634 2412 sententiam
1652 2379 1809 2424 profitetur

340 2428 494 2460 Heni-icus
507 2425 544 2459 de
561 2426 710 2458 Gandauo
722 2424 795 2468 5.de
803 2424 951 2468 quolibet,
969 2426 1129 2467 quaestione
1145 2435 1260 2467 quarta,
1284 2423 1386 2457 dicens
1396 2423 1482 2467 quod
1496 2427 1548 2458 ista
1564 2427 1593 2458 in
1610 2425 1690 2458 sensu
1707 2424 1811 2465 diuiso,
1824 2431 1845 2462 Ε

343 2473 442 2516 Qiod
452 2473 536 2504 Deus
544 2471 620 2509 vult,
635 2481 696 2502 non
707 2471 802 2513 potest
811 2481 874 2502 non
885 2470 973 2508 velle,
989 2469 1078 2502 habet
1086 2469 1235 2513 duplicem
1244 2470 1361 2502 causam
1370 2469 1510 2507 veritatis,
1526 2471 1563 2503 de
1571 2482 1696 2514 quarum
1713 2473 1812 2503 secun-

344 2519 382 2550 da
391 2518 429 2550 fic
437 2519 477 2550 :iit
491 2527 500 2551 ;
516 2517 694 2549 Aliaautem
702 2516 789 2546 causa
800 2515 985 2552 veritatiscst‚
1003 2517 1085 2549 Deus
1101 2527 1165 2548 non
1182 2514 1273 2547 habet
1287 2516 1318 2547 in
1333 2513 1361 2547 fi.-
1375 2518 1556 2558 potentiam,
1572 2527 1631 2560 qua
1647 2517 1741 2561 posset
1757 2515 1811 2560 ipsi

343 2564 432 2596 inesse
441 2561 581 2595 voluntas
591 2560 746 2605 eiusqtiod
757 2561 818 2594 vult
829 2586 838 2598 ,
854 2559 938 2603 quod
954 2558 1059 2593 falsum
1076 2562 1132 2599 est,
1153 2562 1223 2603 quia
1239 2561 1367 2603 potestas
1383 2563 1414 2591 in
1431 2560 1584 2594 voluntate
1597 2562 1656 2594 Dei
1670 2563 1746 2594 circa
1756 2559 1813 2594 effe

344 2607 458 2642 nauale
469 2617 683 2645 creaturarum,
699 2617 731 2636 vr
740 2606 853 2639 dietum
863 2605 915 2644 est,
929 2606 1009 2639 nullu
1020 2606 1059 2637 est
1068 2607 1236 2638 necessitate
1245 2605 1451 2641 determinata.
1459 2606 1524 2640 imo
1531 2617 1676 2650 quantum
1685 2608 1722 2639 est
1731 2605 1812 2643 dese,

346 2655 385 2685 esl
401 2653 438 2686 ad
448 2652 618 2685 vttumlibet
627 2652 663 2684 dc
673 2650 897 2689 volendoillud,
914 2657 944 2683 sc
954 2662 1015 2683 non
1025 2650 1171 2688 volendo,
1186 2649 1259 2682 nihil
1275 2650 1492 2694 cognoscendo
1507 2651 1543 2685 de
1557 2649 1750 2695 possibilitate
1765 2651 1814 2684 vel

348 2710 410 2731 non
419 2696 613 2741 possibilitate
622 2696 797 2730 succedendi
812 2698 889 2728 circa
906 2696 1089 2729 voluntatem
1098 2697 1156 2730 Dei
1165 2697 1263 2728 aCtum
1282 2696 1403 2729 nolendi
1421 2696 1487 2740 post
1495 2699 1593 2731 astum
1603 2697 1742 2736 volendi,
1764 2696 1815 2729 sed

348 2740 499 2787 praecisam
523 2742 592 2774 dicit
607 2742 830 2784 possibilitatem
852 2740 889 2772 ad
914 2752 1095 2785 Vtrumque,
1120 2751 1263 2785 quantum
1280 2742 1320 2774 est
1334 2741 1372 2772 de
1386 2752 1489 2774 natura
1513 2741 1621 2775 diuinae
1642 2743 1817 2781 voluntatis,

351 2795 383 2822 ὅ(
400 2790 429 2820 in
445 2789 499 2820 isto
515 2785 596 2819 sensu
613 2785 744 2819 similiter
760 2786 809 2819 illa
823 2786 862 2818 est
877 2786 945 2820 falsa
958 2788 988 2819 in
1002 2784 1199 2823 sensudiuiso‚
1226 2787 1302 2819 Nori
1312 2786 1462 2819 sedentem
1471 2788 1585 2819 nonest
1599 2786 1738 2830 possibile
1751 2798 1817 2819 non

350 2832 451 2870 sedere
463 2843 472 2867 3
482 2843 555 2877 ergo
563 2827 724 2866 secundum
733 2843 814 2873 eum,
825 2832 909 2865 illurn
917 2834 968 2878 qui
977 2843 1056 2866 nunc
1065 2843 1129 2865 non
1138 2832 1230 2871 sedet,
1238 2842 1317 2864 nuuc
1324 2831 1417 2876 &pro
1426 2843 1504 2866 nunc
1511 2831 1653 2876 possibile
1660 2833 1700 2866 est
1709 2831 1820 2865 ledere.

1743 2876 1818 2910 Hoc
