1985 3130
116 136 165 185 C
179 157 207 186 Δ
222 153 349 204 1².34.
798 136 872 185 De
894 136 1012 200 Causa
1031 137 1133 186 Dei.
1674 148 1760 208 763

117 227 148 262 A
177 231 335 264 hominem
346 243 407 265 non
425 231 506 266 fuisse
523 231 611 275 plene
622 228 727 262 beatos
745 241 813 263 ante
827 227 908 263 suam
926 232 1054 269 ruinam,
1068 233 1136 274 quia
1144 230 1182 265 de
1195 228 1266 275 ”ipsi
1275 230 1485 264 certitudinem
1494 244 1556 266 non
1565 232 1654 267 habe·
1669 235 1682 272 l!
1697 235 1741 265 illa
1752 238 1831 267 ctiam

176 277 258 313 bant,
271 280 321 322 qui
331 278 384 310 illo
392 288 443 323 23.
461 280 500 310 ita
511 278 593 313 dicit,
611 277 724 319 Neque
739 276 825 309 lancti
836 276 944 319 Angcli
954 288 1067 309 aerernae
1077 277 1133 308 suae
1142 278 1209 310 vitae
1216 287 1250 308 ac
1259 275 1452 310 beatitudinis
1462 280 1564 312 incerti
1575 281 1651 313 sunt.

177 325 262 355 Nam
273 326 434 367 quomodo
444 323 534 360 beati,
553 321 572 354 si
589 324 691 354 incerti
712 329 720 352 ,²
739 322 775 353 Et
789 320 863 354 infra
873 331 925 363 24.
940 323 971 355 Si
985 323 1069 354 Deus
1078 333 1140 355 non
1149 322 1447 360 reiielauitDiabolo‚
1464 324 1534 356 cum
1551 324 1652 357 adhuc

174 370 243 402 esset
252 369 389 413 Angelus
398 368 507 407 bonus,
522 368 595 413 quid
604 370 732 401 lastiirns
742 366 789 398 vel
796 368 925 410 passurus
935 365 1015 405 effer,
1025 369 1153 401 nortiam
1164 367 1250 411 plene*
1259 367 1361 401 beatus
1369 368 1438 408 fuir,
1457 369 1651 414 quandoqui-

174 414 244 447 dem
255 416 342 458 plene
351 414 428 447 beati
443 415 480 448 de
499 416 545 446 sun
554 412 733 446 beatitudine
748 415 816 445 certi
836 411 911 448 sunt,
927 424 959 445 vr
967 423 1032 445 eam
1044 413 1140 445 nullus
1149 413 1300 457 perturbet
1310 423 1417 446 metus.
1442 415 1479 447 Et
1494 425 1509 446 2
1519 425 1530 458 5
1540 440 1547 448 .
1562 417 1651 458 Qo-

173 471 244 492 nam
255 459 349 492 modo
360 459 435 493 beati
444 458 559 504 possent
571 459 626 490 csse
635 470 699 490 non
709 457 810 495 video,
824 457 932 501 quibus
948 469 1059 490 incerta
1076 458 1115 490 est
1124 458 1183 503 ipsit
1194 460 1243 490 sua
1252 458 1419 492 beatitudo.
1438 460 1503 502 Qi
1512 462 1541 494 ἁ
1555 470 1565 492 1
1577 471 1584 491 i
1594 486 1601 493 .
1612 461 1650 493 dc

174 506 266 538 Ciuit.
277 505 356 538 Deir
370 516 380 537 t
390 527 396 534 .
407 506 530 538 similem
541 515 617 538 tenet
627 504 790 548 proceffum
802 504 922 546 31taque
933 503 1027 540 beata,
1036 506 1143 547 inquit,
1151 506 1210 537 virzi
1219 503 1421 548 proculdubio
1430 504 1557 537 nonnisi
1566 516 1651 538 arter-

175 563 212 585 na
219 552 270 587 est,
279 551 504 596 aeternitatisque
513 550 657 584 suaecerta
666 560 754 594 atque
761 548 860 581 secura
873 562 882 582 ε
894 549 975 594 quod
987 549 1017 583 ὅ(
1026 552 1087 582 eius
1095 552 1263 582 autoritates
1273 561 1308 581 ex
1321 550 1429 582 eodem
1441 560 1451 583 i
1464 561 1489 582 1.
1499 557 1528 584 δι
1539 561 1548 582 ι
1557 561 1586 584 2.
1606 552 1648 584 al-

174 597 280 640 legaiae
289 595 419 640 superius
427 598 604 629 attestantur.
613 596 696 628 Idem
709 594 796 636 13.de
804 594 914 628 Trinit.
924 596 1049 639 loquens
1058 595 1093 627 de
1103 594 1285 628 beatitudine
1295 595 1376 628 finali
1385 595 1422 628 sic
1428 598 1465 630 ait
1475 611 1486 635 ³
1495 597 1649 641 Qicquid

174 641 435 680 amabituraderit‚
452 653 507 674 nec
515 641 727 674 desiderabitur
735 639 818 685 quod
831 652 892 672 non
903 640 1007 679 aderit,
1023 651 1116 672 omne
1124 641 1209 684 quod
1220 640 1261 673 ibi
1271 640 1455 680 crit,bonum
1465 642 1563 678 criu&
1571 642 1648 675 sum-

173 698 260 721 mum
271 686 385 720 bonum
393 688 478 720 Deus
486 689 547 730 ipse
554 688 619 724 erit,
627 694 656 720 δε
668 686 693 719 se
703 684 872 718 amantibus
881 687 986 730 praesto
996 686 1037 717 ibi
1047 687 1141 724 erin&
1149 687 1234 730 quod
1245 688 1282 718 est
1291 689 1420 718 omnino
1428 686 1648 726 beatissimum,

117 726 142 759 Β
174 735 213 767 ira
223 735 339 777 semper
353 733 417 765 fore
431 744 544 765 certum
556 735 619 766 etit.
644 731 695 765 Ad
712 731 927 765 beatitudinem
943 742 1016 775 ergo
1032 732 1195 776 persestam
1212 734 1372 774 requiritur
1382 732 1470 766 huius
1479 734 1645 767 certitudo:

173 779 223 812 scd
232 779 406 812 Deusillam
417 778 559 811 darenon
569 780 675 823 petest,
692 779 758 821 quiri
770 789 822 821 per
840 778 949 811 nullam
958 779 1186 813 reuelanonem,
1201 778 1270 821 quia
1280 788 1343 810 non
1353 778 1490 822 perillam
1499 781 1528 809 in
1541 779 1648 818 verbo,

175 836 241 870 quae
249 825 287 857 cst
294 825 433 857 omnium
443 822 620 858 lucidissima
629 834 718 867 atque
728 821 850 856 summa.
868 823 919 855 Illa
928 834 1065 867 namque,
1074 833 1105 855 vt
1114 823 1184 855 dicit
1192 822 1357 867 responsio.
1372 826 1466 866 potest
1474 825 1531 856 esse
1539 825 1647 868 decep-

175 874 219 905 tio
226 880 316 914 atque
325 881 407 903 error
417 882 425 904 ;
437 881 525 913 quare
536 880 588 913 per
596 869 677 902 illam
686 869 786 901 nullus
794 870 888 913 potest
896 868 933 901 dc
942 870 1001 912 ipsit
1008 880 1057 901 aut
1067 871 1129 900 eius
1137 869 1269 901 reuelato
1278 869 1433 902 certificari
1444 870 1584 912 perfect&
1594 881 1648 903 nec

176 915 335 960 petalum,
350 916 471 960 quiailla
481 915 592 948 aliziaiit
602 915 757 948 essetceita
767 925 814 947 :iut
824 917 934 947 incerta
945 928 951 945 :
963 913 982 946 fi
991 916 1117 954 incerta,
1131 925 1192 946 non
1204 913 1394 954 certificatet3
1406 914 1521 949 ficerta,
1538 927 1588 947 aut
1598 926 1648 959 pet

173 961 298 1007 seipsam
307 973 356 995 :itit
365 962 511 1006 peraliam
530 974 537 991 :
555 959 574 993 fi
584 972 636 1005 per
645 958 775 1004 scipsum,
784 960 889 992 eadem
897 961 1012 992 ratione
1021 957 1114 992 luisset
1123 960 1259 992 standum
1269 962 1299 992 in
1309 964 1414 1002 prima,
1430 965 1459 995 ὃ(
1470 972 1540 993 ruric
1550 959 1649 993 simili·

173 1006 567 1042 terreucrtiturdifficultas:
582 1004 601 1038 li
611 1017 663 1050 per
672 1007 773 1043 aliam,
790 1005 828 1038 sic
839 1006 884 1038 vel
899 1007 953 1038 erit
963 1003 1265 1049 infinitusprocessus.
1283 1005 1582 1050 velaliquzictitcerta
1598 1017 1648 1049 per

173 1053 310 1098 seipsam,
323 1064 414 1097 quate
423 1051 506 1086 simili
518 1053 634 1084 ratione
644 1053 672 1086 ὅ(
682 1053 774 1095 prima
784 1066 792 1091 -,
803 1053 833 1085 ὅ(
843 1052 930 1084 ctiam
941 1052 1037 1093 posita
1046 1062 1104 1085 vna
1112 1062 1202 1091 certa,
1219 1061 1429 1096 quotacunque
1438 1051 1471 1084 fit
1479 1052 1539 1089 illa,
1555 1063 1648 1085 reuer-

174 1102 246 1133 titur
255 1109 462 1143 argumentum
477 1112 488 1137 3
504 1097 568 1130 imo
579 1098 662 1141 quod
674 1099 769 1140 magis
784 1097 901 1129 videtur
917 1096 1088 1133 absurdum,
1104 1098 1189 1129 Deus
1205 1097 1321 1130 nullum
1338 1096 1603 1139 poteiiccrtificaic
1611 1098 1649 1130 de

173 1144 357 1178 beatitudine
365 1144 413 1177 sua
422 1145 567 1188 praeterita
578 1144 623 1176 vel
634 1143 777 1186 praesenti,
791 1141 862 1174 sicut
871 1143 1068 1186 pra-cedentia
1077 1142 1274 1182 manifestant,
1291 1142 1510 1187 quisqu-*eliber
1521 1142 1588 1175 talis
1606 1154 1648 1174 te-

172 1190 282 1224 uclaiio
292 1191 386 1234 potest
395 1188 450 1223 esse
459 1186 605 1222 delusoria
612 1199 702 1232 atque
712 1187 790 1222 falsa.
812 1190 928 1222 Omnis
940 1199 1061 1232 quoquc
1069 1188 1172 1221 beatus
1182 1188 1312 1221 credit&
1322 1189 1417 1232 sperat
1426 1187 1564 1224 furum&
1573 1199 1648 1220 con-

175 1238 256 1270 tinue
266 1238 344 1280 prius
354 1235 435 1274 fecit,
453 1236 482 1270 ὀ(
491 1238 591 1268 omnis
600 1236 665 1267 talis
674 1235 829 1268 credulitas
839 1236 997 1276 atqueipes
1011 1235 1106 1278 potest
1116 1245 1195 1266 nunc
1212 1231 1279 1270 effe,
1294 1234 1325 1268 ὃ(
1343 1233 1457 1276 semper
1465 1234 1548 1278 prius
1564 1233 1648 1266 fuisse

119 1271 150 1304 C
175 1292 300 1314 erronea
308 1292 399 1325 atque
410 1281 480 1313 falsa
489 1296 500 1320 ς
508 1280 607 1314 nullus
616 1292 687 1325 crgo
696 1279 761 1313 talis
770 1291 850 1313 nunc
859 1281 910 1316 eii,
928 1290 980 1312 nec
988 1290 1121 1323 viiquam
1131 1277 1187 1311 fnit
1196 1279 1275 1312 certe
1283 1277 1389 1311 beatus
1400 1290 1408 1312 3
1425 1289 1517 1322 quare
1525 1289 1580 1312 nec
1587 1279 1648 1312 hoc

174 1327 267 1372 potest
278 1326 520 1360 certitudinaliter
527 1327 660 1360 reuelari.
670 1327 698 1358 Si
709 1327 775 1370 quis
782 1336 883 1368 autern
893 1323 1070 1367 respondeat
1079 1323 1181 1357 bonos
1189 1325 1246 1357 esse
1254 1335 1353 1357 certos
1363 1324 1400 1357 de
1408 1323 1457 1356 sua
1466 1323 1648 1357 beatitudine

173 1372 504 1408 aeternaliterduratura,
520 1373 693 1405 certitudine
708 1371 884 1403 firmissima:
899 1370 1078 1403 credulitatis
1086 1381 1214 1403 ornnem
1223 1369 1438 1403 haesittitionem
1449 1370 1598 1403 astualem
1616 1378 1647 1404 δι

173 1429 289 1451 metum
300 1418 338 1450 de
345 1420 410 1451 cius
417 1417 561 1463 oppofito
570 1418 757 1455 excludente,
772 1417 876 1450 eadem
890 1417 1008 1449 ratione
1021 1415 1111 1449 habet
1126 1415 1304 1454 concedere,
1319 1414 1402 1459 quod
1412 1416 1495 1448 Deus
1503 1415 1540 1448 de
1548 1418 1650 1449 omni-

173 1466 307 1508 potentia
316 1465 365 1498 sua
374 1475 436 1497 non
446 1463 539 1506 potest
548 1462 711 1497 certificare
721 1473 893 1507 quenquam
902 1461 939 1494 de
950 1461 1054 1495 suturis
1063 1461 1206 1507 petreae,
1216 1473 1269 1495 nec
1278 1463 1363 1494 aliter
1371 1462 1464 1504 quim
1474 1461 1513 1494 cl}
1522 1460 1650 1498 distiti-n,

173 1508 255 1553 qnod
265 1520 326 1543 non
337 1509 468 1546 videtur,
478 1510 551 1554 quia
566 1508 603 1542 de
617 1506 809 1553 presentibus
824 1513 855 1543 ot
869 1510 1022 1551 ptaereritis
1037 1506 1113 1541 bene
1128 1506 1238 1551 potest,
1254 1518 1344 1552 quare
1354 1513 1384 1540 8<
1402 1506 1440 1540 de
1450 1506 1567 1544 futuris,
1580 1507 1650 1539 cum

172 1556 326 1600 praesenti'a
334 1555 523 1599 &praeterita
531 1554 605 1588 nihil
612 1556 732 1598 penitus
739 1555 778 1587 ibi
787 1555 916 1591 causent,
933 1564 966 1586 vt
976 1554 1070 1598 potest
1078 1552 1182 1586 haberi
1191 1563 1228 1586 cx
1237 1552 1384 1586 tricesimo
1394 1551 1582 1586 &tricesimo
1591 1563 1650 1597 pri-

172 1611 228 1633 mo
237 1599 340 1640 huius,
356 1607 387 1635 ὃ(
398 1601 528 1635 maxime
537 1602 692 1644 praeterita,
706 1599 776 1633 cum
790 1597 852 1643 ipsit
867 1598 941 1632 nihil
952 1598 1020 1638 sint,
1035 1609 1125 1642 quare
1140 1610 1194 1632 nec
1203 1598 1332 1632 causant.
1355 1599 1387 1632 Si
1397 1600 1484 1632 etiam
1496 1597 1650 1642 praesentia

172 1646 221 1680 vel
229 1648 375 1691 praeterita
384 1647 475 1679 essent
483 1646 670 1679 certitudinis
679 1645 769 1679 huius
777 1643 873 1684 cauni,
885 1645 975 1678 essent
989 1649 1020 1681 δι
1034 1646 1120 1678 causa
1129 1642 1322 1677 beatitudinis
1330 1643 1501 1680 beatorum,
1518 1654 1608 1687 quare
1617 1650 1649 1677 &z

173 1690 375 1726 beatificat-ent
382 1691 488 1726 beatos
497 1703 506 1727 ς
517 1691 665 1726 Diabolus
674 1703 746 1736 ergo
754 1692 785 1726 ἃ
794 1692 855 1724 eius
863 1701 1017 1735 peccatum
1028 1692 1058 1725 ἃ
1071 1702 1176 1734 poena,
1183 1702 1216 1724 ac
1224 1700 1332 1724 aetetna
1341 1687 1454 1722 mistria
1464 1688 1650 1723 beatificaret

174 1737 327 1771 Christum
336 1740 516 1781 caeterosqtie
525 1739 641 1776 beatos,
655 1737 737 1782 quod
747 1738 787 1771 est
796 1748 849 1780 pei·
856 1737 884 1769 se
892 1738 960 1769 satis
970 1734 1146 1772 absurdum,
1153 1737 1192 1771 est
1200 1736 1288 1769 eiiam
1297 1733 1419 1770 falsum
1434 1736 1504 1780 qnia
1512 1737 1581 1766 esim
1594 1733 1651 1768 sint

175 1782 265 1817 finitae
280 1783 397 1817 virtutis
412 1784 441 1816 in
457 1783 597 1827 agendo,
616 1782 760 1817 haberent
773 1784 934 1816 terminum
950 1792 1119 1814 maximum
1134 1788 1165 1815 se
1181 1780 1418 1814 remotissimum
1434 1781 1559 1813 astionis
1575 1779 1650 1813 vltra

176 1840 267 1873 quem
278 1840 340 1862 non
349 1830 478 1873 possunt,
495 1828 583 1873 ssficur
591 1827 792 1872 videtui-quasi
807 1839 858 1870 per
874 1827 902 1861 se
918 1839 1024 1861 notum
1042 1841 1049 1860 ι
1066 1828 1148 1871 quod
1163 1826 1194 1861 &
1209 1826 1341 1859 ostendit
1356 1825 1561 1870 Philosophus
1577 1826 1650 1858 de
1665 1829 1682 1870 Η
1697 1832 1775 1871 quod

174 1875 268 1909 Coelo
279 1885 287 1906 i
299 1885 308 1905 i
317 1879 348 1906 6.
356 1875 386 1909 ὅ(
396 1875 546 1908 Auetrocs
555 1876 586 1907 in
595 1886 762 1909 comment.
793 1875 875 1906 Deus
884 1884 983 1907 autem
993 1874 1085 1915 porcst
1095 1872 1276 1907 beatificare,
1293 1873 1322 1906 ὅ(
1330 1872 1492 1906 certificare
1501 1871 1604 1904 beatos
1612 1871 1649 1905 de

173 1920 366 1965 praeientibus
375 1920 405 1954 ὃ(
413 1922 567 1964 praetetitis
576 1919 683 1953 talibus
690 1920 762 1953 vltra
768 1928 895 1952 omnem
904 1920 1067 1951 terminum
1077 1919 1259 1963 assignatum
1268 1930 1278 1955 3
1292 1917 1358 1951 im&
1368 1930 1429 1950 non
1440 1917 1557 1950 videtui·
1565 1915 1650 1961 quod

174 1971 206 1999 ὃς
215 1969 294 2000 astro
303 1965 475 1999 huiusmodi
485 1965 660 1999 infimorum
669 1967 706 1997 ad
715 1965 864 1999 summum
874 1965 990 1998 coelum
999 1965 1150 1997 ascendat.
1173 1964 1232 1997 Vel
1243 1962 1262 1996 si
1272 1963 1323 1995 ista
1333 1962 1483 2007 pra-sentia
1494 1963 1539 1994 vel
1548 1973 1649 2007 praetc-

173 2014 228 2045 rita
236 2013 265 2045 in
274 2010 433 2046 beatorum
442 2011 620 2044 certitudine
628 2014 787 2057 quiequam
797 2011 899 2046 elscnt.
915 2013 998 2044 Deus
1009 2011 1101 2054 porest
1111 2009 1246 2053 supplere
1255 2020 1308 2041 cau
1314 2008 1457 2042 sationem
1469 2009 1600 2044 illorum.
1616 2014 1647 2040 s:

173 2057 294 2090 causare
303 2068 401 2091 toturn
413 2068 464 2102 per
471 2056 596 2103 seipsum
605 2073 615 2096 3
625 2068 693 2090 nam
702 2057 774 2090 alias
784 2068 846 2089 non
855 2054 922 2090 esset
932 2058 1142 2099 omnipotens:
1152 2058 1254 2098 Qate
1263 2055 1293 2088 ὃ(
1303 2055 1474 2099 Stephanus
1483 2052 1648 2086 parisiensis

174 2103 341 2148 Episcopus
352 2103 507 2136 damnauit
516 2104 672 2136 articulum
681 2101 863 2139 asserentem,
879 2101 966 2146 quod
980 2102 1065 2133 Deus
1075 2112 1137 2134 non
1146 2102 1240 2144 potest
1248 2101 1278 2131 in
1288 2100 1428 2134 cffestum
1437 2098 1529 2131 causa:
1544 2098 1649 2130 sccun-

177 2149 266 2182 dariae
283 2149 343 2182 fine
358 2147 428 2193 ipsa.
453 2151 648 2194 Qpropter
660 2156 691 2182 δε
709 2148 815 2180 Petrus
832 2158 858 2188 3.
875 2149 997 2179 sentent.
1013 2146 1204 2179 distinCtione
1219 2145 1357 2179 vicesima
1374 2146 1463 2183 sexta,
1475 2144 1546 2178 dicit
1562 2144 1649 2188 quod

176 2195 312 2228 Christus
321 2197 350 2229 in
360 2206 423 2239 quo
433 2193 551 2228 fuerunt
561 2193 642 2227 bona
652 2195 752 2237 patriae
760 2193 899 2230 credidit,
916 2192 945 2227 ὃ(
955 2193 1080 2236 sperauit
1089 2192 1337 2224 resurrectionem
1347 2193 1430 2224 tertia
1440 2190 1488 2224 die
1503 2189 1648 2228 suturam,

175 2240 225 2275 sed
240 2253 303 2274 non
319 2241 478 2285 perfectius
491 2251 556 2274 eam
573 2241 721 2284 cognouit
737 2240 929 2283 praeten'tam,
949 2238 1195 2282 qiiamintellcxi't
1204 2237 1344 2270 futuram.
1368 2237 1441 2269 Item
1452 2247 1522 2267 tunc
1533 2236 1649 2268 taliccr-

176 2286 303 2320 titudine
315 2297 478 2331 potuerunt
493 2287 567 2320 boni
582 2287 692 2330 Angcli
707 2283 789 2318 fuisse
804 2288 875 2317 certi
891 2284 928 2317 de
944 2282 1127 2316 beatitudine
1142 2282 1191 2316 sua
1202 2282 1374 2315 futumanrc
1383 2281 1648 2314 confirmationem

176 2332 314 2372 illorum,
327 2332 359 2367 &
375 2333 477 2366 sanai
490 2334 610 2365 nuncin
628 2337 673 2365 via
686 2357 695 2368 .
709 2331 775 2364 imo
791 2331 907 2363 videtur
923 2328 1006 2373 quod
1021 2329 1112 2373 aliqui
1131 2330 1263 2362 viatores
1279 2327 1447 2361 habuerunt
1462 2328 1590 2370 aliquam
1606 2337 1650 2359 ta-

120 2387 146 2419 Ε
177 2377 236 2411 lem
245 2377 455 2412 certitudinem
468 2378 506 2411 de
521 2376 651 2410 diuersis.
674 2377 765 2410 Vnde
777 2376 816 2408 ad
826 2377 985 2409 Romanos
996 2378 1092 2418 capite
1102 2378 1224 2413 ostauO,
1238 2375 1346 2406 Certus
1356 2373 1430 2411 sum,
1444 2375 1542 2416 inquit
1557 2374 1648 2416 Apo·
1665 2381 1801 2419 Apoflolus.

176 2423 278 2461 stolus,
295 2424 380 2469 quod
391 2434 586 2468 nequemors,
603 2434 698 2467 neque
711 2424 782 2462 vita,
797 2433 895 2464 neque
904 2422 1027 2464 Angeli,
1045 2432 1100 2453 nec
1114 2422 1308 2464 principatus,
1323 2430 1375 2452 nec
1385 2421 1518 2454 virtutes,
1535 2428 1589 2449 nec
1602 2418 1646 2449 in-

174 2471 290 2509 stantia,
303 2481 357 2503 nec
366 2470 475 2509 futura,
490 2479 545 2500 nec
553 2467 714 2507 fortitudo,
727 2480 780 2502 nec
787 2467 930 2505 altitudo,
945 2478 1000 2498 nec
1009 2467 1209 2510 profundum,
1225 2476 1322 2509 neque
1331 2474 1464 2496 creatura
1474 2463 1529 2496 :ilia
1537 2465 1647 2505 poterit

176 2514 547 2559 nosseparareacharitate
555 2515 621 2547 Dei.
653 2515 689 2547 Et
705 2514 776 2547 Ast.
790 2519 841 2546 16.
859 2511 944 2546 visio
955 2524 1005 2556 pcr
1019 2514 1141 2545 ιιοίὶσῐη
1160 2510 1259 2544 Paulo
1275 2511 1388 2543 ostensa
1403 2511 1442 2542 est
1460 2523 1466 2540 ι
1487 2520 1531 2541 vir
1547 2520 1645 2541 autem
1662 2521 1751 2549 yma.

176 2561 312 2594 Macedo
320 2560 441 2604 quidam
450 2571 511 2593 erat
521 2561 606 2599 stans,
619 2561 649 2594 ὅ(
665 2559 835 2603 depraecans
845 2569 925 2595 eum,
939 2559 969 2593 ὃ(
979 2557 1092 2594 dicens,
1104 2557 1263 2589 Tranficns
1273 2559 1303 2588 in
1313 2556 1527 2600 Macedoniam
1538 2555 1647 2586 adiuna

176 2617 233 2640 nos
247 2619 254 2639 ε
270 2617 409 2640 vtautetn
419 2605 513 2638 visum
524 2605 610 2644 vidit,
626 2606 720 2637 statim
730 2603 914 2649 quaefiuimus
925 2601 1066 2646 proficisci
1084 2605 1112 2635 in
1134 2602 1363 2637 Macedoniam,
1379 2604 1448 2634 certi
1465 2600 1545 2637 fae'ci,
1560 2600 1646 2643 quod

176 2652 304 2686 vocasset
319 2664 377 2685 nos
390 2653 474 2684 Deus
492 2650 706 2694 Euangeltztire
715 2652 754 2682 eis
769 2665 777 2681 .·
795 2661 884 2693 quare
899 2650 927 2684 ὅ(
945 2651 1117 2692 Sapient.7.
1132 2649 1252 2685 dicitur,
1266 2647 1354 2691 quod
1369 2646 1484 2689 spiritus
1500 2648 1647 2690 sapientiae
1662 2655 1767 2692 Sapiem.

175 2698 216 2729 est
226 2700 339 2734 wicus,
352 2697 519 2740 multiplex,
536 2695 658 2733 subtilis,
673 2695 834 2730 modestus.
848 2695 998 2732 discretus,
1015 2693 1148 2732 mobilis,
1165 2695 1419 2735 incoinquinatus,
1435 2703 1544 2724 εει-[υς.
1567 2692 1646 2732 Qis

176 2744 266 2776 etiam
277 2742 455 2777 Catholicus
463 2754 524 2775 non
535 2743 575 2774 est
584 2741 620 2774 sic
630 2752 723 2774 certus
733 2741 770 2773 de
784 2741 911 2774 articulis
920 2740 988 2773 fidei
1003 2741 1039 2772 de
1053 2740 1165 2777 futuro,
1179 2739 1286 2771 seilicet
1303 2737 1386 2781 quod
1403 2740 1455 2770 crit
1472 2736 1559 2770 finale
1570 2737 1645 2769 iudi-

176 2790 275 2827 cium,
287 2793 316 2823 δι
332 2789 472 2833 generalis
488 2787 658 2820 resurrestlo
675 2797 876 2825 mortuorum,
891 2788 921 2821 ἃ
937 2787 1022 2830 quod
1037 2788 1118 2820 Deus
1132 2786 1294 2827 vnicuique
1311 2782 1470 2816 secundum
1486 2793 1580 2825 opera
1597 2784 1645 2814 sua

175 2832 279 2869 reddet
297 2841 306 2865 θ
324 2835 501 2879 sanstietgo
510 2836 539 2868 iti
547 2835 593 2867 via
601 2832 723 2866 similem
733 2834 942 2866 certitudinem
952 2830 1179 2870 modbhabent,
1194 2830 1314 2874 quatem
1324 2828 1433 2862 habent
1446 2832 1476 2863 ὅ(
1491 2826 1647 2906 habebat}

1516 2884 1567 2917 pet
1582 2886 1596 2906 e
1629 2885 1646 2906 e

118 1809 152 1842 D
