1985 3130
212 173 296 226 858

173 2298 312 2336 Ansdmus.

176 2486 266 2513 Scotus.

802 161 968 212 ‘Thomae
980 160 1267 211 ‘Bradwardini
1688 165 1731 214 L
1742 183 1756 214 1
1769 184 1851 232 n.3.

324 259 549 302 omnipotentia
558 258 614 289 Dei
630 266 693 288 non
702 254 781 288 cadit
794 254 905 298 aliquid
915 254 999 299 quod
1014 254 1282 289 contradiffionem
1298 255 1447 299 implicat3
1463 257 1608 299 praeterita
1616 269 1715 292 autem
1724 269 1788 292 non
1799 261 1829 295 Α

325 303 409 336 fuiffi:
419 328 427 341 ,
444 303 710 336 contradictionem
720 300 853 344 implicat
863 314 874 339 ς
886 302 1053 334 sicutenim
1064 302 1332 334 contradictionem
1341 301 1474 344 implicat
1487 302 1583 334 dicere
1592 303 1675 346 quod
1683 305 1788 339 Socra-

328 361 371 382 tes
386 349 464 382 scdet
482 350 511 383 ὅι
526 358 587 381 non
603 346 680 380 sedet
697 360 708 385 3
723 356 778 385 ita,
796 347 878 389 quod
894 345 996 378 sederit
1011 369 1020 383 ,
1040 345 1072 379 ὅ(
1087 357 1151 377 non
1167 345 1270 379 sederit
1285 357 1295 380 ’-
1324 347 1435 379 Dicere
1448 357 1549 380 autem
1564 348 1647 391 quod
1662 347 1765 384 sederit
1779 375 1792 391 ,

327 397 367 427 est
385 395 481 427 dicere
496 393 579 437 quod
597 394 636 424 est
652 393 833 435 praereritum
844 406 855 430 3
880 391 978 424 dicere
992 401 1092 423 autem
1108 391 1193 434 quod
1210 403 1273 424 non
1295 391 1399 424 sederit
1414 415 1427 432 ,
1451 392 1491 424 est
1511 393 1608 425 dicere
1623 393 1706 437 quod
1725 396 1773 429 {ue
1781 415 1795 423 .

328 444 366 472 rit
378 441 440 473 eius
459 437 634 483 oppositum
652 448 661 471 ς
678 436 715 470 ad
732 437 818 481 quod
833 436 1024 480 probandum
1039 436 1146 479 allegat
1169 437 1248 469 dieta
1261 437 1421 480 Augustini
1436 439 1467 471 δι
1483 437 1658 482 Philosophi
1672 449 1793 474 memo-

329 495 393 517 rata
401 509 408 516 .
453 484 512 517 Sed
528 484 571 515 isti
590 482 636 515 vel
652 482 823 525 intelligunt
840 493 870 515 in
888 481 970 514 sensu
992 480 1162 526 compofito
1175 506 1185 519 ‚
1206 482 1253 514 vel
1269 484 1298 513 in
1310 483 1391 514 ienlu
1407 482 1504 515 diuiso
1519 484 1601 528 quod
1618 487 1797 528 praeteritum

330 542 393 564 nori
410 531 502 573 potest
511 539 571 561 non
582 527 675 561 fuisse.
706 528 773 560 Siin
790 528 870 560 senlu
884 526 1053 572 composito
1068 552 1077 566 ‚
1098 528 1139 559 ita
1155 526 1370 560 habentdicere
1379 529 1607 571 consequenter,
1623 530 1708 572 quod
1723 542 1796 574 ρης-

329 575 395 608 sens
412 586 474 606 non
486 575 580 618 potest
594 584 656 607 non
667 574 723 605 esse
739 573 865 616 praesens
875 596 884 610 ‚
909 577 938 606 ὅ(
951 572 1034 616 quod
1052 573 1182 605 futurum
1192 584 1255 606 non
1266 575 1360 615 potest
1376 583 1439 606 non
1449 572 1505 605 effe
1520 572 1653 606 fututum
1668 598 1680 613 ‚
1704 586 1798 621 prop·

330 632 374 654 ter
383 619 505 654 similem
520 618 790 652 contradistionem
806 615 959 652 inclusam.
993 619 1022 650 Si
1037 620 1066 651 in
1077 616 1157 650 sensu
1173 616 1286 655 diuiso,
1302 617 1447 651 sumendo
1463 617 1571 652 scilicet
1586 619 1716 662 aliquam
1733 633 1797 655 rem

330 667 508 710 praeteritam
518 687 528 703 ‚
545 674 617 708 puta
631 663 794 702 diluuium,
812 676 874 696 non
882 663 1094 696 conuoluendo
1110 665 1336 704 praeteriuonem
1347 688 1356 702 ‚
1378 674 1430 695 aut
1441 664 1572 708 aliquam
1587 666 1796 700 conditionem

332 709 546 744 accidentalem
557 733 567 748 ,
582 709 631 742 sed
641 709 855 743 tantummodo
871 712 962 752 ipiam
972 720 1033 742 rem
1048 709 1126 742 nude*
1135 734 1145 746 .
1159 709 1358 748 essentialiter,
1369 708 1535 752 simpliciter
1545 716 1574 742 &
1585 709 1717 744 absolute
1731 722 1799 744 om·

333 758 421 792 nino,
430 765 494 798 quae
504 755 542 787 fic
550 753 665 797 sumpta
673 757 846 787 nominetur
854 755 896 792 A;
906 752 943 786 sic
951 754 989 785 est
995 753 1128 787 absolute
1138 761 1167 787 δ(
1177 756 1275 797 perse,
1282 766 1315 787 ac
1323 755 1491 798 fimpliciter
1499 757 1723 799 irrepugnanter
1731 758 1799 801 pos·
1829 740 1853 772 B

335 801 417 835 sibile
425 803 454 832 A
462 810 525 833 non
535 799 616 833 fuiffe
625 824 637 840 ‚
653 799 724 832 sicut
731 799 859 844 superius
868 800 907 832 est
915 798 1073 833 ostensum.
1098 799 1156 832 Pro
1166 801 1252 832 causa
1261 811 1381 843 quoque
1395 811 1500 833 eorum
1511 802 1631 833 vlterius
1646 803 1799 847 inquiren—

334 847 418 884 dum,
427 846 563 890 nunquid
581 846 746 888 intelligant
757 869 766 883 ,
780 845 863 889 quod
874 846 1053 887 praetetitum
1064 856 1126 878 non
1136 842 1217 878 fuisse
1230 848 1260 877 in
1271 846 1353 876 iensu
1363 844 1457 878 diuiso
1465 870 1475 885 ,
1488 846 1585 879 modo
1593 846 1737 891 praedisto
1752 850 1798 880 in-

335 892 436 925 cludat
451 890 721 924 contradictionem
733 901 785 934 per
798 891 826 922 sc
836 891 865 924 ἃ
874 891 1003 921 omnino
1018 889 1200 927 formaliter,
1216 901 1265 923 aut
1275 901 1329 934 per
1337 890 1469 923 accidens
1479 915 1488 930 ‚
1506 896 1536 922 8(
1547 902 1578 924 vt
1585 903 1663 925 nunc
1673 903 1797 926 tantum.

335 938 416 972 Non
426 938 524 980 primo
539 936 636 969 modo
645 960 654 975 ‚
670 935 808 968 ficutiam
818 935 948 967 constat:
966 936 995 968 Si
1005 935 1134 968 secundo
1144 935 1238 968 modo
1249 960 1258 976 ,
1274 936 1355 968 causa
1363 947 1426 969 non
1434 937 1514 969 iuuat
1522 961 1530 973 ,
1538 936 1693 980 loquendo
1700 937 1737 969 de
1746 950 1800 982 po-

337 986 428 1016 tentia
443 979 594 1020 absolute,
617 981 689 1014 ficut
704 982 735 1013 lo
758 984 836 1013 uitur
850 985 958 1013 veritas
971 981 1162 1014 ostendenda.
1187 981 1236 1013 Sic
1247 982 1443 1021 comacina,
1467 981 1623 1014 Tucurres
1635 984 1800 1018 ,contradi-

338 1029 469 1061 &ionem
478 1026 600 1059 includit
610 1049 620 1064 ‚
635 1027 656 1059 si
666 1038 728 1058 non
750 1037 772 1058 is
779 1024 929 1059 cursurus·‚
955 1026 1081 1059 Includit
1089 1028 1167 1059 enim
1178 1037 1230 1068 per
1243 1025 1377 1059 accidens
1387 1030 1454 1060 &vt
1463 1037 1543 1059 nunc
1553 1051 1562 1064 ,
1575 1028 1656 1070 quod
1665 1039 1726 1061 rion
1735 1039 1800 1061 cur-

338 1073 422 1106 surus
432 1071 463 1104 sit
471 1075 621 1105 eutiurus:
634 1072 684 1104 Tu
693 1074 774 1103 enim
783 1071 932 1105 actualiter
942 1096 948 1107 ,
957 1072 987 1105 ὃ(
997 1082 1026 1103 vt
1036 1082 1152 1103 nunces
1160 1081 1222 1103 non
1237 1071 1370 1105 cursurus
1380 1085 1390 1110 3
1407 1071 1475 1105 Ιῐηὸ
1484 1071 1515 1105 ὅ(
1525 1071 1562 1104 fic
1569 1084 1670 1105 omnis
1686 1085 1799 1118 propo·

339 1117 406 1151 sitio
416 1117 485 1149 fzisa
499 1117 645 1150 defuturo
656 1142 664 1154 ,
682 1125 709 1150 δι
722 1116 921 1149 vniuersaliter
928 1118 1029 1148 omnis
1045 1115 1209 1160 propositio
1217 1115 1284 1150 falsa
1292 1116 1561 1150 contradictionem
1577 1118 1719 1153 includits
1736 1121 1802 1164 quis

339 1174 439 1196 tamen
451 1165 602 1206 negauetit
611 1162 688 1196 hanc
696 1160 752 1195 effe
768 1160 938 1206 possibilem
947 1162 1079 1195 ablolute':
1088 1164 1117 1195 όι
1126 1163 1226 1194 Deum
1244 1160 1281 1194 sic
1290 1162 1373 1204 poss‘e
1387 1162 1625 1196 verificareistam
1636 1187 1645 1201 ‚
1671 1164 1722 1197 Tu
1739 1176 1802 1197 cur-

340 1220 386 1241 res
396 1233 404 1245 ‚
421 1213 452 1239 δι
469 1209 687 1241 enuntiationes
700 1207 768 1241 alias
780 1207 888 1240 multas
898 1206 991 1240 falsas?
1015 1208 1062 1239 Sic
1075 1217 1148 1248 ergo
1155 1207 1268 1239 aessimo
1282 1217 1345 1240 rem
1363 1218 1428 1252 quae
1445 1210 1484 1242 est
1492 1210 1652 1250 praeterita,
1669 1221 1738 1252 puta
1753 1211 1782 1242 A
1793 1233 1803 1247 ‚

340 1254 424 1297 poffe
434 1263 495 1285 non
506 1251 587 1285 fuiss'e
596 1277 605 1291 ,
630 1254 659 1288 ὃ(
669 1253 770 1285 Deum
780 1252 862 1297 polse
869 1251 965 1286 facere
980 1253 1008 1283 A
1025 1263 1085 1285 non
1095 1250 1193 1288 fuiffe.
1213 1263 1265 1295 pet
1272 1253 1353 1295 quod
1369 1254 1502 1296 intelligo
1513 1253 1593 1297 quod
1601 1255 1686 1286 Deus
1696 1277 1704 1292 ,
1713 1266 1805 1299 quan-

341 1310 406 1332 tum
416 1300 454 1331 est
462 1297 498 1331 de
506 1299 567 1330 eius
577 1301 710 1341 potentia
717 1298 851 1330 absolute
866 1321 876 1336 ,
893 1297 923 1331 ὅ(
931 1297 968 1330 de
975 1299 1087 1330 ratione
1098 1298 1153 1328 suae
1161 1299 1302 1340 potentiae
1309 1299 1452 1331 volutiuae
1459 1297 1556 1331 liberae
1567 1299 1723 1333 fecundum
1734 1312 1804 1334 con-
1819 1296 1849 1329 C

341 1343 553 1377 tradistionem
564 1368 572 1381 ,
582 1355 729 1387 quatenus
746 1342 882 1387 praecedit
896 1342 1043 1375 causaliter
1056 1341 1140 1375 suum
1148 1345 1248 1375 astum
1258 1366 1268 1381 ,
1282 1354 1343 1386 quo
1354 1355 1431 1376 nunc
1447 1344 1508 1376 vult
1519 1346 1547 1377 A
1558 1342 1639 1376 tuisse
1650 1369 1658 1381 ‚
1673 1344 1805 1386 possetil·

341 1390 404 1423 lum
421 1399 484 1419 non
495 1390 599 1421 elicere
610 1414 618 1427 ,
634 1401 688 1421 nec
699 1389 807 1422 habere
817 1413 829 1428 ,
839 1387 886 1421 scd
901 1389 962 1419 eius
975 1386 1148 1432 oppositum
1158 1411 1167 1425 ‚
1191 1386 1262 1420 ficut
1275 1390 1391 1430 potuit,
1408 1390 1532 1433 quando
1546 1390 1573 1420 A
1585 1388 1640 1422 fuit
1655 1390 1784 1423 futurum
1795 1415 1804 1426 .

341 1434 414 1467 ficut
430 1431 564 1476 &posset
579 1434 673 1467 homo
682 1434 811 1477 respestu
826 1432 922 1466 voluti
936 1433 976 1465 sui
985 1434 1140 1476 praeteriti,
1163 1434 1230 1476 quia
1239 1433 1314 1475 apud
1324 1434 1422 1466 Deum
1439 1433 1513 1466 nihil
1529 1433 1684 1468 intrinsece
1703 1446 1805 1480 praete-

342 1482 434 1513 ritum
449 1490 499 1513 aut
515 1477 647 1512 futurum
658 1503 666 1516 ,
694 1480 742 1512 sed
758 1479 930 1512 :eternaliter
939 1479 969 1513 ὅ(
981 1478 1158 1510 instantanee
1171 1488 1285 1510 tantum
1295 1478 1417 1522 praesens
1426 1503 1436 1517 ‚
1459 1478 1531 1511 sicut
1546 1479 1671 1512 ostensio
1683 1481 1806 1515 decima:

342 1535 452 1570 quartae
461 1524 638 1563 declarauit3
662 1522 833 1557 necessitate
845 1534 944 1556 tamen
955 1525 1095 1568 sequente
1111 1534 1174 1555 non
1183 1533 1218 1555 ex
1235 1525 1433 1566 ptaetcritione
1445 1527 1485 1555 rei
1496 1547 1505 1560 ‚
1522 1526 1589 1567 quia
1602 1526 1661 1568 ipsa
1678 1524 1748 1558 nibil
1758 1537 1808 1568 pe-

343 1573 422 1604 nitus
436 1569 570 1603 causatio
587 1571 744 1604 voluntate
761 1570 862 1603 diuina
872 1594 881 1607 ‚
897 1569 945 1601 ied
955 1579 1066 1602 tantum
1076 1579 1112 1602 ex
1120 1567 1309 1603 stabilitate&
1325 1568 1499 1603 firmitate&
1516 1569 1710 1613 praesentanea
1724 1573 1808 1604 aEtus

342 1613 491 1650 intrinseci
498 1615 660 1649 voluntatis
670 1615 778 1648 diuinae
786 1612 896 1648 necesse
905 1615 944 1647 est
953 1615 1050 1647 Deum
1062 1614 1134 1647 velle
1150 1615 1179 1646 A
1193 1611 1276 1646 fuiffe
1287 1637 1296 1650 ‚
1319 1618 1349 1649 &
1357 1614 1484 1647 similiter
1494 1615 1523 1646 A
1533 1613 1626 1649 fuiffe.
1652 1617 1764 1649 Verum
1776 1617 1808 1649 li-

343 1672 390 1694 cet
403 1661 454 1694 ista
463 1671 499 1693 ex
514 1662 669 1704 praemissis
683 1660 829 1694 euidentia
840 1659 997 1692 videantur
1007 1683 1015 1696 ,
1031 1669 1098 1691 ecce
1106 1657 1203 1692 adhuc
1217 1658 1353 1703 quaedam
1363 1662 1510 1693 maiorum
1525 1671 1662 1693 meorum
1679 1662 1809 1693 testimo-

344 1708 394 1739 nia
402 1705 439 1736 ad
448 1705 628 1739 euidentiam
636 1704 812 1750 pleniorem.
834 1704 993 1737 Anselmus
1002 1702 1145 1747 fiquidem
1153 1714 1182 1737 2.
1192 1705 1255 1737 Cur
1263 1706 1344 1737 Deus
1354 1705 1452 1738 homo
1464 1715 1472 1735 i
1480 1715 1510 1746 7.
1521 1706 1616 1742 Deus.
1634 1708 1741 1749 inquit,
1756 1708 1810 1738 im-

344 1752 466 1796 proprie
476 1751 582 1783 dicitur
590 1750 702 1794 aliquid
713 1762 774 1783 non
783 1748 876 1794 posse,
885 1761 935 1782 aut
945 1748 1117 1783 necessitate
1125 1750 1238 1783 facere³
1256 1751 1370 1782 Omnis
1379 1753 1489 1796 quippe
1497 1753 1650 1784 ncceisitas
1661 1752 1690 1785 ὃ(
1700 1753 1810 1795 impos-

344 1795 467 1829 sibilitas
474 1797 534 1828 eius
543 1796 671 1829 subiacet
680 1796 827 1829 voluntati
836 1806 844 1829 3
852 1795 930 1828 illius
938 1805 1040 1827 autem
1050 1795 1190 1828 voluntas
1201 1795 1272 1828 nulli
1279 1792 1412 1828 subditur
1419 1797 1581 1829 neceisitati
1590 1808 1638 1829 aut
1645 1796 1811 1838 impossibi-

344 1841 436 1875 litati:
448 1840 521 1873 nihil
532 1844 610 1874 enirn
619 1843 658 1874 est
666 1839 854 1874 neceisarium
864 1851 914 1872 aut
922 1838 1116 1883 impossibile,
1129 1839 1181 1872 nifi
1192 1842 1259 1883 quia
1267 1841 1328 1884 ipie
1336 1852 1375 1875 ita
1384 1840 1445 1875 vult
1463 1856 1474 1881 ;
1489 1839 1583 1884 ipsum
1592 1853 1665 1874 veto
1679 1851 1729 1873 aut
1737 1843 1811 1875 velle
1826 1843 1857 1876 D

344 1896 394 1920 aut
404 1885 485 1918 nolle
492 1885 601 1930 aliquid
609 1897 730 1931 propter
739 1885 1077 1923 necessimemalienum
1085 1886 1125 1917 est
1134 1886 1151 1917 a
1161 1887 1282 1918 veritate
1290 1896 1298 1919 ;
1308 1887 1543 1929 quarequoniam
1553 1888 1654 1918 omnia
1663 1898 1730 1931 quit
1740 1899 1754 1917 v
1761 1888 1812 1928 ult,

347 1932 379 1966 ὅ(
388 1943 451 1962 non
461 1930 514 1963 nisi
524 1931 607 1976 quod
615 1933 699 1969 vult,
722 1933 792 1963 iacit
804 1954 811 1967 ‚
828 1931 899 1963 ficut
915 1931 993 1964 nulla
1009 1930 1162 1963 necessitas
1169 1941 1219 1962 aut
1232 1931 1451 1973 impossibilitas
1462 1932 1600 1975 praecedit
1610 1934 1669 1965 eius
1679 1934 1752 1965 velle
1761 1944 1812 1967 aut

347 1974 446 2013 nolle;
456 1977 495 2007 ita
505 1987 559 2009 nec
566 1977 628 2008 eius
638 1975 733 2009 facere
743 1987 791 2008 aut
802 1987 861 2009 nori
871 1975 978 2014 streete,
1000 1977 1137 2019 quamuis
1147 1976 1238 2008 multa
1247 1976 1317 2008 velit
1326 1977 1545 2010 immutabiliter
1555 1983 1585 2010 δι
1594 1978 1695 2010 faciat:
1705 1979 1733 2011 ὅ(
1743 1976 1812 2011 ficut

349 2032 417 2052 cuni
433 2022 515 2052 Deus
523 2020 591 2052 facit
600 2021 711 2064 aliquid
722 2045 732 2060 ,
757 2021 912 2064 postquam
928 2020 1041 2053 fastum
1050 2021 1102 2058 est,
1116 2031 1175 2052 iam
1184 2031 1245 2053 non
1253 2023 1348 2063 potest
1357 2032 1418 2054 non
1434 2021 1489 2055 effe
1497 2023 1608 2055 factum
1617 2046 1627 2060 ,
1642 2022 1690 2056 sed
1700 2021 1812 2065 semper

351 2076 454 2098 verum
464 2065 502 2097 est
512 2065 621 2097 factum
631 2066 700 2104 esse,
723 2076 778 2097 nec
788 2076 888 2097 tamen
896 2067 973 2098 reste
988 2066 1113 2102 dieitur,
1128 2065 1307 2109 impossibile
1319 2066 1389 2098 Deo
1399 2067 1454 2097 efle
1463 2078 1494 2098 vt
1504 2067 1589 2100 faciat
1598 2067 1679 2110 quod
1689 2071 1814 2108 ptaeteri-

349 2121 414 2144 tum
424 2111 462 2142 est
473 2122 535 2143 non
545 2110 601 2142 effe
610 2112 766 2151 praeteriti'13
776 2109 849 2142 nihil
858 2121 938 2143 enim
949 2108 1139 2152 ibioperatur
1146 2111 1298 2143 necessitas
1306 2122 1367 2142 non
1378 2110 1520 2146 faciendi.
1537 2110 1814 2153 autimpossibilitas

354 2155 498 2194 faciendi,
522 2154 571 2188 sed
581 2156 638 2188 Dei
649 2156 709 2187 sola
719 2155 870 2191 voluntas,
886 2166 934 2198 qui
942 2165 1096 2187 veritatem
1104 2153 1229 2197 semper,
1246 2156 1388 2197 quoniam
1400 2155 1460 2197 ipse
1469 2156 1575 2187 veritas
1582 2156 1634 2194 est,
1643 2155 1815 2190 immutabi-

350 2200 411 2234 lem
419 2226 427 2240 ,
437 2200 642 2239 fictiticst‚vult
651 2199 707 2233 effe
716 2215 723 2232 ε
733 2203 771 2234 ita
782 2200 801 2232 fi
810 2201 952 2244 proponit
960 2199 988 2233 se
994 2199 1104 2244 aliquid
1113 2199 1336 2232 immutabiliter
1343 2198 1488 2232 faisturum
1500 2223 1508 2236 ,
1531 2210 1701 2233 nontamen
1711 2201 1768 2234 vlla
1774 2204 1815 2235 est

352 2249 384 2279 i'n
394 2258 431 2278 eo
441 2244 565 2279 faciendi
575 2243 737 2283 necessitas,
747 2256 797 2278 aut
805 2256 867 2277 non
876 2245 1002 2277 faciendi
1010 2243 1242 2287 impossibilitas,
1256 2247 1397 2288 quoniam
1406 2245 1465 2277 [ola
1473 2246 1503 2277 in
1511 2256 1549 2277 eo
1558 2255 1695 2288 operatur
1708 2247 1816 2280 volun-

354 2302 409 2325 tas.
430 2290 511 2323 Idem
521 2291 558 2323 de
566 2291 724 2323 Concord.
731 2302 760 2324 2.
769 2292 843 2328 Res,
850 2292 958 2335 inquit¹
968 2290 1077 2333 aliqua,
1084 2300 1116 2321 vt
1124 2289 1260 2334 qua-dam
1269 2292 1347 2322 afflo
1355 2301 1417 2323 uon
1425 2291 1581 2323 necessario
1590 2291 1688 2322 futura
1696 2293 1816 2334 est,quia

354 2337 511 2380 postquam
519 2335 564 2375 fit,
574 2335 637 2368 fieri
647 2336 742 2380 potest
752 2346 782 2368 vt
790 2347 851 2368 non
861 2334 892 2369 fit
901 2350 911 2374 ς
921 2335 951 2368 ἃ
958 2335 994 2368 de
1002 2336 1148 2379 praeterito
1156 2335 1284 2368 (imiliter
1292 2335 1331 2368 est
1339 2346 1455 2373 verum,
1465 2337 1536 2380 quia
1543 2346 1589 2367 res
1595 2335 1691 2378 aliqua
1702 2348 1763 2370 non
1774 2337 1815 2369 est

356 2381 527 2415 necessitate
536 2383 686 2424 ptaeterita‚
715 2391 860 2425 quoniam
877 2390 1038 2423 antequam
1047 2381 1113 2413 esset
1124 2401 1133 2414 2
1158 2379 1219 2413 sieri
1235 2382 1334 2422 potuit
1349 2391 1450 2414 vtnon
1465 2379 1549 2417 essct,
1571 2381 1656 2424 quod
1665 2383 1816 2425 noninep-
1830 2385 1856 2416 E

357 2428 386 2459 te
396 2427 486 2469 potest
501 2426 625 2469 intelligi
641 2426 675 2459 de
685 2428 838 2468 prioritate
845 2436 987 2469 potentiae
1001 2425 1090 2459 libere
1097 2424 1254 2458 secundum
1268 2425 1536 2458 contradictionem
1549 2426 1585 2458 ad
1603 2427 1689 2457 suum
1704 2428 1816 2465 astum,

357 2471 466 2505 licutin
477 2469 618 2503 fimilibus
627 2470 800 2514 superiusest
808 2470 968 2503 ostensum.
1001 2470 1091 2503 Vnde
1107 2470 1137 2503 ἃ
1153 2469 1302 2503 Iohannes
1314 2472 1418 2503 Scottis
1432 2470 1515 2513 super
1533 2481 1560 2501 ι.
1577 2469 1696 2502 sentent.
1708 2471 1770 2504 dist.
1782 2483 1812 2506 2.

356 2517 517 2561 quaessione
525 2528 556 2558 7.
564 2516 732 2560 dicit,quod
741 2517 852 2549 creatio
861 2515 979 2558 Angeli,
996 2520 1026 2547 δι
1036 2515 1171 2558 Angelus
1178 2526 1240 2548 nori
1254 2517 1349 2557 potest
1358 2527 1418 2548 non
1428 2515 1519 2549 effein
1530 2517 1689 2551 instanti,in
1704 2528 1768 2560 quo
1776 2519 1816 2551 cst

354 2563 386 2593 in
396 2561 476 2594 sensu
487 2560 728 2604 compositionis,
738 2562 767 2593 in
777 2561 857 2594 sensu
867 2571 966 2594 tamen
974 2561 1126 2594 diuifionis
1142 2559 1217 2593 bene
1231 2561 1326 2603 potest
1335 2583 1344 2597 ,
1361 2561 1431 2594 ficut
1440 2562 1551 2593 tactum
1559 2562 1633 2593 estin
1642 2562 1763 2595 materia
1777 2561 1815 2594 de

358 2606 645 2650 ptaedestinatione&
655 2606 834 2649 ptaesci'entia
845 2607 919 2639 Dei;
933 2605 983 2638 vbi
993 2613 1023 2639 3<
1031 2607 1102 2639 dicit
1110 2631 1120 2645 ‚
1142 2605 1227 2650 quod
1241 2608 1448 2638 conseruatum
1459 2606 1550 2647 possit
1559 2617 1621 2638 non
1631 2605 1687 2638 esse
1694 2606 1816 2650 quando

357 2653 560 2687 conseruatur,
569 2652 599 2686 ὅ(
607 2653 731 2696 quando
739 2651 912 2695 producitur
921 2654 951 2683 iri
960 2649 1038 2684 sensu
1047 2651 1208 2685 diuisionis.
1237 2651 1352 2683 Etinsra
1361 2650 1569 2694 respondendo
1578 2662 1587 2685 ς
1604 2650 1697 2687 Cum,
1707 2654 1815 2695 inquit,

358 2697 466 2730 dicitur
474 2699 503 2728 in
511 2707 689 2739 argumento
699 2720 707 2735 ,
727 2698 809 2730 Deus
817 2708 878 2729 non
888 2695 982 2739 potest
989 2697 1085 2729 facere
1094 2696 1243 2739 Angelum
1254 2707 1315 2727 non
1326 2694 1417 2733 fuisse,
1431 2697 1611 2740 negaturista
1621 2697 1697 2728 vtrei
1706 2696 1816 2739 signifi-

358 2753 421 2784 catae‘²
431 2753 480 2785 pet
490 2742 570 2774 fuiffe
579 2755 589 2781 ς
598 2748 627 2775 Sc
637 2741 656 2773 fi
664 2741 790 2781 dicatur,
801 2743 980 2785 praeteritum
990 2753 1051 2774 non
1061 2742 1154 2784 potest
1163 2752 1226 2773 non
1236 2738 1469 2784 fuissemcgatur,
1484 2742 1552 2785 quia
1560 2740 1619 2773 hoc
1627 2743 1734 2774 nonest
1744 2752 1817 2784 prae-

358 2788 477 2819 teritum
486 2788 516 2820 in
525 2786 637 2831 se‚i.per
646 2787 672 2819 se
683 2787 711 2819 ὅ(
721 2786 990 2830 effentialiter,quia
998 2787 1149 2830 pre-teritio
1158 2787 1205 2818 seu
1214 2787 1273 2817 esse
1281 2788 1460 2829 praeteritum
1469 2797 1530 2819 non
1539 2784 1621 2819 estde
1630 2787 1677 2818 sua
1684 2788 1816 2822 essentia,

358 2842 431 2878 necs,
439 2829 491 2865 fibi
498 2831 711 2870 essentiales&
718 2831 998 2877 accidentale‚quare
1007 2839 1037 2867 δι
1047 2833 1086 2866 est
1094 2829 1224 2865 absolute
1232 2830 1370 2877 possibile
1377 2831 1508 2876 separari.
1523 2830 1592 2874 ch
1599 2832 1667 2863 aute
1675 2832 1814 2878 quaeil.7.

1731 2877 1816 2920 lupet
