1985 3130
122 146 172 195 C
189 165 214 192 A
231 165 271 193 P.
292 162 351 192 ιο.
810 140 884 188 De
908 141 1029 204 Carisa
1045 139 1150 188 Dei.
1686 154 1764 185 zoi

125 242 156 275 A
181 238 252 272 dum
262 240 346 284 prius
356 238 386 272 ἃ
395 237 535 282 posterius
544 234 726 273 ordinando,
736 245 797 268 non
806 233 994 268 essentialiter
1003 233 1135 267 omnino
1146 233 1204 268 siue
1212 235 1326 269 realiter
1341 260 1351 274 ,
1367 234 1414 269 sed
1426 234 1658 269 intellectualiter

177 297 228 319 aut
236 285 427 328 imaginarie,
436 284 508 316 ficut
518 292 576 315 tam
589 277 763 325 Philosophi
779 289 874 325 quam
884 278 1043 325 'theologi
1056 281 1152 314 solent
1161 280 1259 325 loqui,
1270 280 1341 315 sicut
1350 280 1387 314 ab
1402 282 1561 315 Aristotele
1569 284 1598 315 in
1608 283 1658 315 De

177 331 304 364 Mundo
312 329 369 363 fuit
379 329 510 374 superius
521 328 692 371 allegatum.
711 326 748 359 Et
760 336 838 370 patet
848 327 928 359 idem
938 338 992 372 per
1000 328 1130 361 eundem
1146 338 1190 359 12.
1200 326 1342 372 Metaph.
1354 328 1456 361 multis
1466 328 1553 366 locis,
1567 329 1597 364 ὅ(
1605 338 1658 373 per
1677 328 1827 365 Aristoteles.

177 379 350 410 Auerroem
360 376 572 409 Commentat.
589 381 643 417 39.
657 372 716 405 hoc
731 372 812 405 idern
829 372 945 417 plenius
955 373 1155 406 declarantem
1168 372 1270 417 3qu0d
1280 376 1367 407 etiam
1382 372 1491 406 dostus
1501 374 1600 413 Plato,
1612 374 1655 404 A-
1675 370 1755 413 Pla&-

179 418 675 466 niceana,Algazel,&Auiccbrol
685 419 826 452 testantur
833 416 1034 455 concorditer,
1049 416 1260 462 sicutptobant
1274 419 1404 463 superius
1418 418 1552 464 allegata.
1569 420 1620 452 Sic
1628 426 1657 452 e-
1676 411 1810 439 Amcenna.

178 470 247 501 tiam
257 468 390 512 loquitur
401 466 568 511 Apostolus
578 464 615 497 ad
627 463 788 497 Romanos
802 475 827 498 ι.
837 464 905 497 cum
921 462 994 497 dicit
1004 476 1013 500 ς
1029 464 1188 498 Inuisibilia
1196 464 1257 497 Dei
1267 464 1283 496 a
1294 474 1427 498 creatura
1437 465 1542 498 mundi
1552 477 1605 511 per
1613 477 1658 505 ea,
1676 450 1812 516 ‘f‘gafflj

179 524 246 557 quae
257 514 331 547 faeta
339 514 417 550 sunt,
426 512 573 545 intellesta
581 507 804 554 conspiciuntur
812 523 820 546 3
834 509 882 543 sed
891 512 1067 556 sempiterna
1076 519 1198 556 quoque
1206 512 1269 543 eius
1278 511 1370 543 virtus
1378 521 1411 543 ac
1419 511 1512 544 deitas
1521 525 1531 551 3
1550 513 1580 547 ὅ(
1589 510 1659 544 alibi
1678 499 1817 567 Auzjieoss‘

179 561 211 592 in
220 559 296 592 sacra
304 560 455 603 Scriptura
464 556 653 591 creberrime.
670 556 704 589 In
713 554 794 588 libris
804 564 931 602 quoque
940 557 1097 600 Augustini
1106 556 1143 590 de
1152 553 1318 592 Trtnirare.
1329 556 1429 594 &aliis
1438 564 1472 590 ac
1480 567 1659 590 caercrorum
1704 540 1720 568 ⁴⁰
1785 552 1810 559 ’“

178 606 373 642 Sanctorum.
381 606 581 648 omniumque
590 601 764 635 Doaomm
776 602 996 647 distinguuntur
1003 602 1251 647 quodammodo,
1264 605 1413 646 potentia,
1421 604 1589 642 scientia,&
1603 614 1661 635 vo-

177 650 294 684 luntas:
314 649 411 683 Multa
419 652 499 683 enim
507 645 714 695 potest,&scit
724 673 735 687 ,
749 659 817 691 quae
832 658 894 681 non
908 649 981 680 vult.
1010 649 1092 682 ldetn
1109 658 1190 691 patet
1203 646 1240 679 de
1254 648 1363 681 iustitia
1374 673 1382 686 ‚
1397 651 1502 691 gratia,
1512 649 1543 683 ὅ(
1554 648 1663 683 iniseri-

178 695 602 733 cordia‚&multissimilibus.
618 692 762 726 omnibus
778 692 842 727 satis
861 699 952 726 notis.
969 695 1012 728 Vt
1026 705 1130 728 autern
1143 693 1220 726 istud
1237 695 1417 738 principium
1439 696 1532 738 possit
1548 694 1661 728 facilins

178 740 474 782 inueniri‚sciendum
484 739 644 774 secundum
655 738 879 784 Philosophum
895 749 927 773 ι.
944 738 1142 786 Metapbysic.
1161 739 1334 783 Qodlicet
1345 741 1427 772 Deus
1443 739 1479 773 de
1495 740 1662 784 se,&apud

179 797 315 821 naturam
325 788 427 820 existat
435 788 618 821 notissimus,
630 785 796 819 interiectus
813 796 912 819 tamen
930 788 1037 820 animae
1054 786 1160 819 nostrae
1176 786 1214 817 sic
1231 787 1258 818 se
1268 785 1356 818 habet
1365 786 1401 817 ad
1410 796 1492 825 euin,
1502 784 1663 820 ficutoculi

122 833 148 867 B
180 835 417 878 Nyfflcomcum
428 834 571 868 adlucem
581 832 650 867 diei,
661 832 770 865 scilicet
779 831 876 876 ipsum
888 832 990 866 Solem
1001 847 1012 871 3
1029 833 1059 867 ot
1068 832 1128 864 hoc
1136 832 1175 865 est
1182 832 1330 875 tqualitcr
1337 843 1372 863 ex
1382 831 1543 865 limositate
1551 843 1664 876 corpo-

178 880 244 914 ralis
252 882 383 913 materiae
392 881 499 913 oculos
509 878 615 912 animae
632 876 858 912 obumbrantis.
875 877 1038 921 Quamdiu
1052 879 1143 923 igitur
1155 888 1266 922 corpus
1283 876 1365 923 quod
1384 879 1662 922 corrumpitur,ag-

179 936 284 970 grauat
292 927 435 963 animam,
444 927 475 961 ἃ
483 935 598 959 terrena
606 920 753 957 habitatio
761 923 903 966 deprimit
913 923 1028 957 sensum
1038 924 1165 968 plurima
1175 924 1358 967 cogitantem
1368 949 1377 962 ,
1387 935 1450 956 non
1460 925 1554 968 potest
1563 922 1663 958 homo

177 971 345 1015 intelligere
354 972 453 1005 Deum
462 969 592 1017 perfecte
602 968 684 1002 sicuti
695 970 746 1009 est,
756 966 881 1014 ipsomet
896 969 1011 1003 dicente
1030 969 1112 1004 Mofi
1127 969 1311 1012 deprecanti.
1338 969 1414 1002 Non
1453 971 1542 1002 oretis
1561 971 1664 1004 videte

177 1017 284 1050 faciem
294 1027 404 1056 meam,
415 1028 476 1050 non
488 1019 568 1050 enim
578 1015 806 1054 videbithomo,
815 1017 844 1049 ὃ(
854 1020 946 1052 viuet.
958 1015 1054 1050 Exod,
1067 1026 1081 1055 3
1090 1027 1117 1059 3.
1135 1018 1240 1057 Quare
1257 1015 1416 1048 seeundum
1429 983 1663 1060 leliilosophum²

181 1073 209 1095 i.
220 1061 341 1107 Physic.
353 1067 384 1094 δε
395 1063 483 1102 alibi»,
496 1064 600 1096 innata
608 1062 648 1094 est
656 1060 746 1094 nobis
756 1064 805 1094 via
817 1062 832 1093 :i
844 1061 1013 1095 notioribus
1021 1062 1111 1095 nobis
1121 1062 1157 1093 ad
1168 1062 1286 1094 notiora
1298 1072 1422 1099 naturae,
1438 1073 1505 1106 qua:
1521 1060 1585 1096 sunt
1597 1061 1664 1094 sirn-

177 1109 293 1153 pliciter
302 1112 423 1142 notiora
434 1134 441 1146 ,
453 1110 470 1141 a
479 1106 690 1151 posterioribus
699 1104 852 1140 scilicetad
860 1117 970 1151 priora,
980 1112 1010 1142 ἃ
1020 1120 1036 1139 a
1046 1106 1168 1141 causatis
1175 1107 1212 1140 ad
1223 1105 1332 1141 causas.
1352 1108 1586 1151 Nominaigitur
1595 1111 1663 1154 qui-

179 1154 233 1187 bus
243 1155 346 1188 Deum
356 1156 567 1199 cognoscimus
578 1178 586 1191 ,,
595 1163 657 1185 non
669 1151 937 1196 significantipsurn
947 1164 1000 1197 per
1008 1152 1036 1185 se
1044 1151 1230 1187 essentialiter
1238 1178 1245 1189 ,
1265 1152 1295 1188 ὅ(
1304 1156 1426 1198 penitus
1434 1152 1582 1189 absolute,
1590 1165 1663 1198 quo·

179 1211 261 1233 num
270 1201 446 1239 acrearum,
454 1201 484 1235 &
496 1199 652 1234 effectibus
661 1199 829 1232 notioribus
839 1198 927 1231 nobis
938 1198 1201 1233 transferiinturad
1212 1197 1306 1243 ipsum
1323 1201 1506 1243 ignoriorem
1520 1197 1664 1236 iiobis‚li-

177 1247 223 1279 eet
242 1245 413 1292 simpliciter
432 1249 592 1279 notiorem.
615 1245 750 1290 Ideoque
765 1243 837 1278 dicit
860 1243 1060 1289 Philosophus
1074 1246 1161 1279 inDc
1171 1245 1294 1278 Mundo
1310 1246 1362 1278 vlt.
1382 1246 1526 1290 Cumque
1535 1246 1664 1284 sitvnus,

179 1293 393 1325 multinomius
401 1293 440 1324 est
448 1295 621 1326 nominatus
630 1290 667 1323 ab
677 1290 823 1323 omnibus
838 1290 1028 1335 passionibus
1038 1301 1111 1336 quas
1127 1293 1273 1331 initouat3
1288 1293 1426 1325 Vocatur
1439 1295 1519 1324 enim
1537 1291 1664 1336 Iupiter,

179 1336 283 1376 Zima‚
294 1338 372 1372 filius
384 1339 514 1375 Saturni,
531 1339 657 1375 finitus,
669 1335 845 1376 fulmineus,
865 1337 1000 1380 pluuialis
1010 1362 1018 1375 ,
1031 1338 1211 1376 tonitrualis,
1221 1337 1664 1382 tempestuosus,serenus‚&in

123 1387 153 1416 C
179 1385 295 1418 summa
303 1382 469 1428 loquendo,
478 1384 604 1416 coelestis
612 1383 643 1416 ὃ(
653 1383 790 1416 terrestris
801 1393 838 1415 ao
863 1382 997 1415 ellandus
1007 1385 1024 1414 a
1035 1382 1162 1427 qualibet
1177 1393 1283 1416 natura
1293 1408 1303 1422 ,
1320 1384 1350 1417 ἃ
1366 1381 1489 1416 fortuna
1500 1409 1508 1422 ‚
1523 1383 1604 1416 velut
1612 1395 1664 1415 ens

178 1430 242 1469 ipse
250 1431 388 1462 omnium
396 1427 551 1464 causincui
568 1434 598 1461 δε
614 1428 801 1462 concordant
817 1394 948 1462 l-fermes
962 1438 1053 1473 atque
1070 1427 1236 1473 Dionysius
1253 1428 1384 1473 superius
1401 1430 1519 1462 recitati.
1534 1429 1666 1464 Vnde&

181 1474 280 1509 Rabbi
299 1473 387 1508 Mose
402 1475 440 1508 de
456 1476 532 1508 duce
548 1474 721 1515 dubiorum,
738 1475 788 1518 58.
803 1475 922 1507 Omnia
940 1479 1066 1508 nomina
1082 1476 1237 1508 Creatoris
1259 1487 1325 1520 qiiae
1336 1476 1570 1508 iniieniunturin
1585 1475 1667 1508 libris
1683 1475 1849 1515 ‘le-iMoe

180 1519 248 1554 sunt
257 1523 371 1564 sumpta
378 1520 416 1554 ab
423 1519 565 1564 operibus
573 1544 581 1558 ,
595 1530 699 1564 praeter
709 1531 802 1553 vnum
813 1531 926 1553 nomen
936 1521 1020 1565 quod
1030 1522 1069 1555 est
1077 1522 1306 1565 appropriatum
1317 1522 1355 1558 ei,
1373 1522 1480 1554 scilicet
1491 1531 1667 1564 tetragram-

181 1578 285 1600 maton
297 1568 344 1605 ,ἃ
353 1567 468 1599 idcirco
476 1577 601 1600 vocatur
609 1576 724 1598 nomen
734 1567 900 1611 separatum
912 1568 995 1611 ,quia
1004 1566 1330 1611 significatsapientiam
1348 1566 1505 1600 Creatoris
1520 1566 1665 1612 significa-

180 1615 264 1646 tione
274 1614 383 1657 purain
394 1623 456 1657 quo
465 1624 527 1645 non
537 1614 576 1645 est
585 1613 785 1656 participatio.
812 1613 844 1646 Si
853 1614 943 1656 igitur
952 1622 981 1645 vr
992 1613 1041 1646 hic
1057 1612 1147 1652 dicit,
1162 1624 1277 1646 nomen
1294 1614 1421 1646 Domini
1437 1623 1666 1657 tetragramma-

181 1659 301 1695 ton,vel
311 1658 470 1703 quodlibet
485 1658 565 1691 aliud
577 1656 718 1702 significet
732 1659 835 1691 Deum
846 1661 918 1702 pure
928 1683 937 1696 ,
959 1657 1189 1703 subiiciaturque
1204 1658 1298 1692 verbo
1314 1662 1359 1692 scu
1376 1659 1539 1703 prcedicato
1554 1657 1667 1702 simpli-

181 1705 300 1738 cissimo
310 1706 385 1743 ,fiuc
395 1703 553 1748 purissimo
562 1703 644 1737 disto
662 1702 699 1735 de
710 1704 782 1736 Deo
795 1728 803 1740 ,
819 1704 991 1747 propositio
1009 1704 1047 1737 fic
1062 1702 1217 1737 affirmans
1228 1706 1281 1737 crit
1294 1706 1427 1749 primum
1438 1704 1606 1748 simpliciter
1617 1716 1666 1736 vc-

181 1761 285 1782 rorum
304 1752 442 1782 omnium
459 1751 693 1794 complexorum
705 1773 713 1787 ‚
731 1756 761 1783 βε
780 1751 959 1795 principium
976 1752 1105 1787 primum
1122 1751 1314 1783 intrinsecum
1337 1752 1430 1783 totius
1445 1751 1561 1794 generis
1578 1761 1665 1782 com-

182 1795 357 1839 plexorum.
380 1796 518 1828 Siautem
527 1795 642 1829 nullum
654 1804 767 1828 nomen
778 1805 921 1835 creatum,
931 1791 985 1829 nec
1000 1795 1112 1843 aliquid
1129 1796 1208 1828 aliud
1226 1795 1263 1829 ab
1280 1796 1370 1830 vnico
1384 1798 1440 1828 Dei
1452 1795 1570 1834 verbog
1581 1795 1664 1839 quod

183 1843 223 1874 est
232 1843 293 1875 eius
301 1842 404 1885 imago
414 1841 543 1886 perfeffa
552 1867 560 1881 ,
583 1841 729 1885 significet
744 1853 813 1874 eum
828 1843 920 1886 pure,
930 1842 1012 1886 quod
1023 1854 1129 1886 reputo
1140 1845 1237 1886 magis
1255 1842 1412 1885 probabile
1423 1855 1431 1876 ·,
1441 1851 1570 1886 ponatur
1579 1840 1665 1885 quod

183 1887 242 1920 hoc
253 1898 379 1923 nomen,
389 1887 483 1923 Deus,
498 1887 583 1930 quod
598 1889 638 1921 est
653 1896 917 1931 tetragrammaton
927 1912 935 1925 ‚
952 1897 1083 1932 quatuor
1102 1887 1208 1921 scilicet
1222 1887 1373 1920 literarum
1383 1912 1391 1926 ‚
1405 1891 1583 1931 imponatur
1595 1888 1665 1920 Deo

127 1923 161 1957 D
183 1932 223 1966 ab
230 1933 347 1966 essentia
355 1934 417 1965 eius
424 1943 496 1975 pura
508 1956 517 1970 ,
527 1934 557 1968 ὅ(
573 1932 715 1977 significet
724 1944 793 1966 eum
811 1932 965 1978 purissime
977 1959 986 1973 ‚
1001 1945 1065 1980 quo
1082 1935 1191 1978 poterit
1206 1931 1473 1978 comprehendiab
1483 1932 1579 1977 aliqua
1587 1943 1667 1965 crea-

184 1990 261 2015 tura,
278 1977 484 2022 &propositio
493 1980 683 2023 coniungens
700 1975 956 2022 simplicissime&
966 1980 1120 2024 purissime
1131 1979 1258 2012 verbum
1276 1978 1323 2011 vel
1333 1978 1523 2023 praedicatum
1548 1976 1667 2022 purissi-

183 2036 268 2057 mum
289 2034 357 2057 cum
378 2025 434 2057 isto
459 2024 488 2057 su
494 2023 592 2058 biesto
601 2049 610 2062 ,
633 2024 673 2057 est
692 2025 873 2069 principium
891 2027 948 2059 iam
967 2025 1120 2070 quaefiturn
1131 2049 1141 2065 ‚
1163 2026 1271 2058 scilicet
1286 2026 1369 2058 Deus
1384 2025 1424 2057 est
1435 2048 1443 2060 ,
1461 2024 1509 2057 vel
1524 2024 1609 2056 Deus
1627 2025 1666 2056 cst

184 2071 284 2104 Deus.
307 2069 406 2111 Quod
415 2081 514 2103 autem
524 2068 763 2115 propriissimum
774 2072 804 2106 ἃ
813 2070 1000 2115 purissimum
1016 2082 1130 2104 nornen
1146 2072 1222 2107 Dei,
1238 2070 1276 2102 ab
1287 2070 1350 2103 eius
1360 2081 1433 2113 pura
1442 2068 1559 2102 essentia
1569 2071 1668 2113 impo-

185 2127 289 2153 natur,
302 2126 393 2159 patet.
404 2115 532 2160 ipsomet
540 2114 670 2151 docente
679 2112 818 2158 Moysem
829 2126 940 2150 nomen
952 2119 1015 2150 eius
1026 2118 1096 2150 scire
1111 2115 1415 2154 volentem‚dicendo
1427 2126 1435 2149 ι
1462 2115 1529 2158 Ego
1540 2114 1605 2147 sum
1614 2116 1666 2159 qui

184 2161 263 2198 sum,
272 2160 371 2195 Exod.
378 2163 466 2194 tertio
478 2175 487 2195 :
504 2171 595 2207 quam
604 2165 796 2195 autoritatem
806 2164 931 2196 tractaris
940 2160 1040 2195 Rabbi
1050 2159 1148 2198 Mose,
1157 2160 1208 2194 vbi
1217 2162 1296 2206 prius
1307 2167 1356 2192 61.
1372 2161 1434 2193 vult
1445 2161 1531 2204 quod
1543 2159 1603 2193 boc
1611 2172 1669 2191 no·

184 2218 256 2241 men
265 2208 398 2242 maxime
405 2216 557 2252 competat
564 2206 619 2252 ipsi
628 2207 710 2245 Deo,
718 2212 750 2242 &c
761 2207 907 2253 fignificat
918 2205 1046 2241 Necesse
1059 2207 1117 2241 effe
1127 2221 1137 2246 ;
1154 2207 1184 2242 ἃ
1192 2206 1220 2241 su
1227 2217 1275 2240 nra
1287 2208 1335 2247 58.
1344 2206 1433 2245 dicit;
1445 2205 1544 2249 Qiod
1553 2217 1669 2238 nomen

186 2255 245 2288 Dei
255 2262 524 2296 tetragrammaton
536 2253 637 2298 ,quod
652 2254 692 2287 est
707 2253 776 2286 Deo
792 2256 927 2288 maxime
943 2256 1098 2297 proprium
1110 2279 1118 2293 ,
1135 2251 1266 2286 fortassis
1285 2251 1430 2296 significat
1444 2250 1529 2295 super
1551 2254 1670 2284 ratione

188 2297 316 2332 Necesse
322 2296 487 2343 effezquare
496 2308 606 2332 nomen
616 2301 768 2344 sumptum
779 2300 797 2333 ὲ
806 2309 878 2344 pura
886 2302 947 2332 eius
958 2298 1078 2332 essentia
1089 2299 1206 2332 videtur
1214 2297 1265 2330 sibi
1282 2296 1486 2341 propriissime
1496 2299 1670 2330 conuenire.

186 2345 324 2388 Apparet
338 2353 412 2389 ergo
426 2344 512 2389 quod
527 2346 609 2377 Deus
625 2347 676 2381 est,
701 2345 748 2378 vel
764 2347 845 2378 Deus
854 2345 893 2379 est
901 2347 996 2382 Deus,
1022 2344 1196 2389 sitprimum
1208 2346 1387 2388 principium
1396 2342 1671 2394 complexonim,si

187 2390 384 2434 praedicatum
394 2396 425 2423 δε
437 2389 563 2423 verbum
573 2388 801 2425 essentialissime
813 2416 822 2430 ‚
838 2394 868 2426 δι
882 2391 1088 2435 propriissime
1103 2389 1374 2434 correspondenter
1383 2389 1527 2432 fignisicct
1535 2399 1567 2422 vt
1577 2387 1671 2421 subie—

134 2461 160 2495 E
189 2437 283 2470 aum.
309 2436 385 2469 Sunt
394 2445 495 2468 autem
504 2444 573 2469 vera
581 2435 708 2480 duplicia
717 2460 724 2472 ‚
734 2435 883 2481 superiora
894 2435 1010 2473 scilicet,
1018 2437 1049 2472 ἂ
1058 2436 1201 2470 inferiora
1216 2449 1226 2473 ς
1251 2434 1392 2468 inferiora
1403 2445 1484 2473 vera,
1494 2433 1670 2467 suntomnia

190 2481 268 2516 dista
284 2481 321 2515 de
337 2480 587 2521 creabilibus,vel
603 2482 763 2521 creatuti53
780 2484 811 2519 ὃ(
829 2484 1033 2516 vniuersaliter
1049 2482 1086 2515 de
1102 2492 1288 2528 quocunque
1303 2479 1387 2525 quod
1398 2481 1507 2513 nonest
1517 2479 1671 2517 Deus,ve1

190 2529 279 2561 etiam
288 2528 326 2561 de
334 2529 403 2561 Deo
410 2537 461 2572 pet
468 2526 634 2572 respectum
642 2528 679 2560 ad
688 2523 768 2561 aliud
779 2552 786 2565 ,
796 2539 827 2562 vt
837 2530 922 2561 Deus
931 2530 971 2561 est
980 2530 1135 2561 Dominus
1143 2529 1284 2561 omniurn
1297 2552 1306 2566 ,
1313 2526 1360 2559 vel
1371 2526 1500 2558 Creator
1512 2538 1520 2559 :
1537 2525 1618 2559 Vera
1629 2526 1671 2557 su-

191 2575 308 2617 periora
317 2575 466 2619 sunt,quae
476 2574 506 2605 in
516 2574 581 2607 solo
588 2574 656 2606 Deo
665 2572 829 2608 confistunt
839 2589 849 2614 ;
858 2583 900 2613 vt,
909 2576 991 2607 Deus
1005 2574 1044 2606 est
1054 2585 1169 2618 potens,
1178 2571 1305 2618 sapiens,
1314 2580 1402 2616 arque
1411 2571 1523 2604 bonus.
1549 2571 1671 2604 Horum

190 2629 291 2653 autem
302 2618 366 2652 haec
381 2618 503 2663 quidem
512 2620 578 2652 sunt
593 2618 823 2663 quodammodo
841 2619 1005 2664 posteriora
1020 2620 1190 2657 naturaliter
1200 2643 1207 2654 ,
1224 2618 1287 2650 brec
1301 2619 1411 2662 priora.
1435 2614 1584 2650 Posterius
1591 2617 1673 2650 enim

191 2665 232 2698 est
240 2666 339 2698 Deum
350 2665 438 2703 velle,
444 2666 534 2709 quam
545 2662 727 2708 cognoscere
738 2676 746 2700 3
758 2672 789 2699 δε
798 2666 987 2710 cognoscere,
1020 2667 1091 2698 uam
1101 2666 1172 2698 esse:
1186 2662 1247 2697 Esse
1255 2672 1336 2696 enim
1347 2663 1518 2696 naturaliter
1526 2660 1590 2695 haec
1600 2673 1674 2706 prae-

192 2710 270 2745 cedit
279 2711 310 2746 &
318 2711 522 2743 vniuersaliter
529 2714 634 2744 omnia
643 2711 711 2744 arira
719 2709 869 2745 attributa.
896 2711 995 2754 Qod
1018 2713 1078 2746 icet
1086 2711 1122 2745 de
1131 2710 1157 2745 se
1166 2709 1231 2744 satis
1240 2719 1394 2755 appareat,
1403 2708 1500 2752 potest
1510 2717 1610 2741 tamen
1620 2716 1674 2752 per

192 2755 285 2790 simile
299 2753 420 2790 suaderi.
447 2753 511 2789 Effe
522 2759 601 2790 enim
617 2755 823 2801 simpliciterin
837 2757 926 2791 rebus
935 2760 1036 2791 creatis
1055 2756 1192 2803 praecedit
1207 2756 1377 2789 naturaliter
1392 2764 1484 2788 omne
1498 2753 1553 2787 csse
1570 2763 1674 2787 earum

193 2801 424 2836 determinatum
433 2803 469 2834 ad
478 2803 534 2836 esse
542 2803 599 2836 tale
607 2801 654 2835 vel
662 2802 730 2839 tale,
754 2801 870 2836 dicente
878 2813 984 2847 quarta
1001 2800 1207 2847 propositione
1217 2801 1255 2834 de
1264 2798 1355 2834 causis
1365 2825 1376 2840 ‚
1396 2799 1497 2833 Prima
1505 2809 1603 2833 rerum
1612 2809 1674 2833 cre-

194 2859 310 2882 atarum
320 2846 422 2884 estesse
431 2873 442 2889 ,
461 2852 492 2884 &
501 2860 565 2882 non
584 2849 623 2882 est
638 2858 706 2882 ante
721 2850 818 2893 ipsum
827 2858 956 2882 creanim
972 2849 1104 2894 aliquid;
1127 2848 1256 2893 quare&
1265 2847 1350 2880 simili
1368 2843 1406 2878 sic
1422 2846 1540 2879 viderur
1553 2840 1607 2881 ilde
1615 2856 1675 2877 ons-
1699 2854 1754 2883 Hah
1764 2856 1837 2883 omni

1596 2903 1677 2924 mrim
