1985 3130
139 137 188 187 C
203 159 282 188 ΛΡ.
304 155 376 205 34.
793 140 868 190 De
892 141 969 189 Cau
987 162 1013 191 a
1035 144 1140 195 Dei.
1704 161 1778 221 631

134 240 164 271 A
193 248 279 269 mum
285 243 368 277 7ο’“1Ἰ
378 238 502 268 trastatu
514 236 624 278 primo,
648 233 733 266 Tota
743 257 752 271 ,
771 234 880 278 inquit,
897 235 961 279 sp'es
970 236 1069 270 nostra
1079 239 1107 269 in
1117 239 1186 270 Deo
1196 238 1240 279 sit,
1256 242 1392 288 nihilque
1400 244 1436 278 de
1445 243 1531 279 bonis
1541 256 1684 291 tanquam

192 283 231 314 de
241 283 344 314 nostris
353 281 467 314 viribus
476 282 704 324 praesumamus,
714 290 752 311 ne
763 283 897 312 nostrum
906 284 1046 315 iacientes
1059 284 1142 327 quod
1152 284 1252 317 abillo
1263 287 1302 319 est
1313 310 1321 323 ‚
1337 292 1368 323 ot
1384 291 1467 334 quod
1477 294 1646 335 accepimus
1655 305 1684 326 a-

190 330 362 361 mittamus:
374 327 479 371 quibus
490 333 519 359 δι
530 336 593 358 tora
601 326 750 369 Scriptum
759 326 837 358 sacra
846 328 1013 361 concordat
1022 351 1031 365 ‚
1056 340 1127 361 cum
1142 330 1284 364 omnibus
1295 335 1503 368 vastatoribus
1512 340 1574 370 eius
1583 337 1682 378 sacris,

192 372 302 408 ficut&
314 373 491 406 triceiimum
503 371 665 404 secundum
682 372 782 414 primi,
794 370 830 403 de
839 382 961 409 timore,
977 385 1083 406 amore
1097 386 1187 420 atque
1196 375 1244 420 spe
1253 377 1321 410 licet
1330 378 1462 413 breuiter
1471 383 1620 417 suadebat.
1647 387 1684 420 Ee

190 431 256 464 quis
267 419 396 462 perfecie
406 418 566 451 confidens
574 419 604 450 iii
614 417 662 449 tali
674 427 821 461 tantoque
829 419 982 456 Domino,
999 419 1060 451 sine
1069 422 1152 452 cuius
1163 424 1319 456 voluntate
1328 426 1444 468 semper
1451 439 1567 471 optima
1578 454 1587 466 ‚
1604 429 1681 474 sspi-

187 465 348 501 carissima,
356 463 520 502 iustissima,
528 465 558 497 ἃ
568 462 848 501 miseticordiiiima,
856 475 910 496 nec
919 476 1052 508 vnquam
1063 477 1179 498 errante
1187 490 1197 504 ‚
1222 468 1296 502 nihil
1305 470 1418 504 aduersi
1428 475 1525 516 petest
1534 477 1682 515 accidere,

187 523 249 545 non
260 510 298 541 ad
308 509 471 552 perfestam
480 510 654 553 patientiam
666 510 695 540 in
705 507 832 540 aduersis
845 509 989 541 omnibus
1001 512 1199 549 confortetur,
1209 512 1282 545 sicut
1292 517 1442 550 tricesimo
1451 519 1582 552 secundo
1592 523 1681 564 primi

186 558 314 590 breuiter
323 554 518 599 tangebatur?
531 556 613 598 Qis
623 555 713 584 etiam
722 553 848 597 diligens
858 555 946 598 plene
957 557 1060 589 Deum
1069 580 1079 594 ,
1097 562 1127 588 ὅ(
1137 560 1312 602 proximum
1323 585 1332 599 ‚
1354 562 1509 597 aduertens
1518 568 1603 608 quod
1614 568 1681 600 dflj-

185 602 323 646 gentibus
332 602 434 634 Deum
445 603 549 633 omnia
559 610 761 642 cooperantur
769 602 799 630 in
809 598 928 633 bonum
939 625 948 640 ‚
961 603 992 636 ὅ(
1001 604 1086 646 quod
1094 605 1177 635 Deus
1189 616 1241 636 om
1247 607 1294 637 nia
1303 607 1423 642 ordii-iat
1432 620 1555 653 propter
1565 612 1680 648 clectos

184 651 215 682 ὁ(
226 658 352 690 propter
362 645 497 690 seipsum,
509 644 581 678 sicut
590 656 625 677 ex
636 655 690 689 39.
699 652 730 679 δε
743 655 788 685 32.
796 650 826 677 &
836 645 902 683 alijs
911 651 1000 691 primi
1008 649 1222 692 patet,aduersa
1232 661 1419 696 quaecunque
1428 666 1490 688 non
1501 660 1679 700 aequanimi-

184 706 227 727 ter
238 691 373 725 tolerabit
385 717 394 730 ,
411 692 476 724 imo
486 692 515 725 ὃ(
525 691 785 735 gaudentetatque
794 691 926 725 hilariter
942 691 1110 731 sustinebit,
1131 707 1166 727 ac
1180 696 1374 730 vehementer
1390 698 1465 733 sitiet
1474 702 1676 739 aduersariam

182 740 360 783 pastionem,
371 737 486 771 sicutde
496 737 652 781 Apostolis
660 737 778 779 legitur,
789 739 820 772 ὃ(
828 737 892 775 alijs
901 736 1005 772 fimetis
1013 740 1114 772 multis
1128 748 1136 771 ξ
1153 743 1235 781 Qujg
1245 742 1363 786 ,nsuper
1372 756 1521 789 peccator,
1532 750 1580 781 vel
1590 751 1677 789 alius,

126 793 148 824 Β
183 784 202 817 ii
212 786 278 829 quis
290 795 388 816 tamen
398 785 488 815 alium
499 785 527 813 se
537 781 695 826 ptaesumat
704 782 862 816 confidens
872 786 902 815 in
912 784 983 817 Deo
991 784 1145 818 iustissimo
1154 794 1184 820 ὃς
1194 788 1338 831 pijsfimo,
1346 791 1428 833 quod
1438 795 1540 827 omnis
1547 794 1676 830 aduersi-

181 842 224 863 tas
243 830 429 873 [limmitmur
437 828 473 860 ab
485 840 534 867 eo,
545 829 592 859 vel
602 827 639 860 ad
650 830 845 871 punitionem
855 833 983 874 peccati,
1001 831 1062 863 vtsi
1071 829 1207 871 sufficiat,
1216 834 1313 867 statim
1323 838 1390 878 post
1400 840 1490 870 vitam
1500 842 1674 882 praesemem
1693 851 1708 891 Η
1717 855 1844 885 immina,

179 876 302 910 aduolet
312 876 349 907 ad
360 886 510 910 aeoernam,
522 874 571 906 vel
581 873 599 905 fi
610 884 709 906 minus
719 873 859 911 sufficiat,
870 876 972 908 (altem
983 880 1358 921 proportionaliterminus
1370 906 1377 918 ,
1394 883 1440 916 vel
1449 881 1549 918 forsan
1558 897 1675 921 incom-
1692 895 1801 924 tui-emb

178 921 348 966 partibiliter
357 919 546 965 quaiimi'nus
555 922 583 951 in
593 920 776 962 Purgatorio
787 922 1100 964 puniatur,praesertim
1112 923 1132 957 si
1141 924 1321 963 consideret,
1331 929 1420 971 quod
1431 928 1592 964 secundum
1603 945 1675 976 ρετ.

177 964 259 1000 missa
268 967 415 1000 tricefimo
424 978 510 999 nono
520 967 620 1008 primi,
630 977 821 1010 quaecunque
829 966 989 1002 adueriitas
1000 967 1059 1001 siue
1068 980 1159 1011 poena
1168 969 1297 1004 immissa
1306 975 1332 1004 ei
1341 978 1359 1006 a
1367 975 1437 1006 Deo
1447 973 1480 1007 sit
1489 979 1593 1010 minor
1600 991 1675 1023 quo.

176 1013 347 1046 dammodo
358 1011 486 1049 infinite,
494 1023 584 1055 quam
595 1022 749 1055 peccatum
760 1013 822 1044 eius
830 1014 970 1056 requirat,
980 1012 1001 1047 si
1009 1025 1123 1047 cumeo
1134 1019 1253 1049 remota
1262 1016 1463 1053 misericordia
1471 1032 1618 1065 ageretur,
1626 1027 1674 1059 vel

176 1059 213 1091 ad
223 1069 389 1097 materiam,
397 1058 427 1091 ὃ(
437 1057 594 1091 cumulum
605 1067 701 1089 meriti
710 1057 782 1090 dum
794 1059 914 1091 sustinet
922 1060 1088 1101 patienter?
1112 1063 1189 1103 Qs
1198 1064 1279 1095 enim
1288 1065 1486 1099 coronabitur
1494 1069 1602 1111 gloria,
1618 1070 1672 1104 nifi

177 1104 308 1149 gloriose
316 1106 488 1137 certauerit?
501 1103 538 1135 Et
547 1104 614 1146 quis
623 1100 751 1145 gloriose
759 1101 898 1141 certabit,
907 1104 958 1136 vbi
968 1103 1099 1138 defuerit
1109 1115 1319 1142 concertator?
1329 1110 1430 1143 Affert
1439 1124 1512 1156 ergo
1521 1116 1606 1149 Deus
1616 1115 1671 1150 ho-

175 1151 249 1183 mini
260 1150 461 1183 aduetsarium
470 1159 660 1185 certatorem,
670 1159 703 1180 vt
710 1147 818 1181 babeat
825 1160 896 1181 cum
907 1162 972 1194 quo
981 1161 1091 1185 cermre
1099 1152 1246 1196 legitime,
1262 1153 1361 1198 sicque
1368 1158 1522 1192 vistonofi
1531 1165 1672 1194 certami—

175 1197 219 1230 nis
228 1198 338 1228 merito
348 1206 526 1233 coronetur,
539 1192 611 1227 sicut
618 1204 655 1225 ex
663 1194 814 1227 tricefimo
821 1205 924 1239 ptimo
932 1198 962 1231 ά
972 1197 1119 1230 tricesimo
1127 1199 1260 1232 secundo
1270 1203 1357 1243 primi
1365 1214 1498 1247 apparet,
1507 1205 1670 1250 ptaesettim

175 1241 194 1275 fi
206 1242 366 1275 secundum
376 1237 518 1284 praemissa
529 1238 680 1272 tticelimo
694 1251 782 1272 nono
789 1242 877 1284 primi
885 1241 1033 1279 aduerrar,
1047 1243 1134 1288 quod
1148 1244 1308 1278 Passiones
1316 1246 1403 1281 huius
1413 1253 1561 1293 temporis
1570 1253 1600 1287 ὅ(
1610 1265 1673 1286 me-

172 1290 228 1321 rita
239 1289 384 1331 patientiae
394 1296 623 1332 quantacunque
633 1297 697 1318 non
708 1285 776 1318 sunt
784 1286 954 1330 condigna,
962 1287 1028 1321 imo
1039 1288 1118 1332 quasi
1128 1289 1254 1324 nibilum
1263 1292 1293 1327 ἂ
1301 1294 1393 1325 inane
1400 1294 1439 1326 ad
1449 1295 1581 1330 futuram
1592 1310 1671 1332 mer-

114 1344 145 1377 C
171 1333 278 1366 cedem
288 1335 318 1368 ἁ
326 1333 455 1377 gloriam
463 1342 518 1376 pro
527 1331 586 1364 istis
596 1330 1032 1376 liberalitereompensandam,
1040 1335 1087 1367 vel
1097 1345 1159 1368 tam
1167 1336 1206 1369 ad
1215 1339 1408 1381 punitionem
1419 1345 1533 1384 peccati
1545 1368 1554 1380 ,
1576 1356 1669 1390 quarn

170 1384 262 1412 etiam
273 1379 310 1411 ad
320 1389 520 1424 augmentum
537 1378 636 1410 meriti
654 1379 697 1409 sui
705 1388 768 1411 non
779 1378 892 1414 minus.
903 1377 973 1412 ficut
979 1389 1018 1412 ex
1027 1380 1178 1414 tricelimo
1186 1393 1284 1419 nono,
1300 1389 1332 1416 ὅ(
1340 1385 1570 1431 quadragesimo
1579 1394 1669 1424 terno

170 1427 260 1470 primi
269 1432 364 1469 patet?
391 1422 669 1468 Qui5,inqiiai·n‚s1c
677 1423 840 1457 confidens
849 1436 879 1457 in
888 1426 974 1465 Deo,
981 1436 1044 1458 non
1052 1427 1278 1471 patientissime.
1285 1429 1525 1473 libentissimess&
1534 1436 1669 1479 gauden.

169 1470 281 1505 tissime:
300 1469 424 1504 aduersa
432 1472 533 1503 omnia
541 1468 693 1502 sustinebit
702 1476 710 1501 ἓ
730 1469 873 1514 Amplius
881 1481 982 1505 autem
993 1473 1061 1516 quis
1069 1472 1119 1505 ista
1127 1472 1226 1508 debite
1235 1475 1561 1518 ponderans‚inimicos
1570 1481 1601 1516 &
1609 1483 1667 1515 ini-

169 1519 297 1551 micitias
306 1527 475 1550 exercentes
483 1527 547 1548 non
557 1516 653 1548 ioiurn
663 1526 725 1548 non
732 1515 828 1551 odiet,
835 1516 886 1549 led
895 1517 998 1562 diliget
1010 1524 1020 1549 ἓ
1040 1518 1119 1552 Non
1129 1519 1226 1553 solum
1236 1532 1300 1555 non
1310 1523 1470 1558 maledicet
1478 1549 1487 1562 ,
1507 1526 1555 1559 sed
1565 1528 1581 1560 ὲ
1589 1539 1667 1562 con-

169 1566 261 1597 trario
270 1563 425 1597 benedicet
434 1570 443 1594 Ξ
469 1561 546 1594 Non
558 1562 654 1594 selum
662 1573 725 1594 non
734 1560 864 1606 respuet.
883 1563 932 1597 sed
941 1563 1148 1609 amplexando
1158 1564 1310 1611 suscipiet,
1324 1567 1397 1603 ficut
1404 1571 1464 1603 Dei
1473 1573 1625 1607 ministros
1634 1575 1666 1611 ὅ(

169 1609 238 1642 suos
245 1608 399 1642 beneficos
408 1609 581 1641 adiutores?
600 1607 809 1640 Ptaestatenim
818 1609 904 1643 Deus
914 1621 966 1654 pet
975 1611 1057 1654 ipsos
1069 1634 1077 1646 ,
1092 1610 1206 1656 ipsique
1215 1615 1354 1656 ptatstant
1365 1618 1532 1654 materiam,
1541 1630 1606 1661 quae
1615 1619 1666 1651 de·

167 1654 421 1692 fiait,exercendae
431 1655 546 1688 virtutis
555 1652 763 1697 gloriosissimi
777 1656 876 1688 meriti
886 1655 917 1689 ἃ
930 1656 1047 1700 praemii
1057 1658 1274 1702 consequendi.
1308 1661 1418 1703 Qate
1435 1662 1466 1696 ἀ
1482 1664 1664 1699 Senacherjb

168 1702 297 1735 vastator
306 1699 448 1736 Israelitici
460 1700 710 1744 populi‚vocatur
719 1702 854 1744 virga‚&
870 1700 1003 1737 baculus,
1014 1699 1170 1743 secutis,&
1178 1701 1255 1737 serra
1264 1707 1294 1737 in
1304 1717 1397 1740 manu
1411 1709 1468 1741 Dei
1483 1721 1492 1741 τ
1507 1713 1538 1744 δι’
1555 1710 1664 1745 Nabu..

168 1745 365 1781 chodonosor
375 1746 579 1789 depopulator
587 1743 721 1778 eiusdem
729 1745 901 1780 saeuislimus
910 1771 921 1786 ‚
939 1750 1039 1780 seruus
1047 1748 1119 1788 Dei,
1133 1748 1250 1785 ficutex
1265 1750 1415 1786 tricesimo
1432 1754 1565 1788 secundo
1574 1759 1663 1789 tirimi

168 1802 303 1837 apparet.
326 1794 521 1835 Qapropter
529 1796 559 1823 ὅ(
570 1789 695 1825 Abilhai
707 1792 821 1825 volenti
830 1792 973 1826 occidisse
981 1793 1103 1827 Shimaei
1112 1795 1341 1830 maledicentem
1349 1799 1463 1832 Dauidi
1473 1825 1483 1838 ‚
1500 1807 1530 1834 3<
1540 1791 1662 1834 mitten-

169 1849 230 1872 tem
238 1837 353 1883 lapides
360 1848 466 1871 contra
475 1835 683 1875 eum,sanistus
692 1837 794 1870 Dauid
803 1837 967 1882 respondit,
985 1840 1116 1874 Dimitte
1125 1851 1194 1873 eum
1206 1867 1215 1880 ‚
1233 1853 1266 1875 vt
1280 1843 1433 1877 maledimt
1441 1849 1522 1880 iuxta
1529 1858 1661 1892 praecep·

112 1888 142 1918 D
167 1895 231 1917 tum
239 1886 369 1918 Domini
381 1896 388 1915 ι
399 1884 559 1916 Dominus
567 1894 648 1916 enim
659 1885 799 1928 praecepit
807 1885 834 1916 ei
844 1894 876 1915 vt
886 1885 1074 1918 malediceret
1082 1888 1193 1920 Dauidi
1203 1902 1213 1926 3
1224 1894 1255 1921 ὅ(
1265 1890 1333 1933 quis
1344 1891 1384 1922 est
1394 1893 1444 1934 qui
1453 1892 1542 1925 audet
1551 1893 1661 1931 dicere,

166 1941 261 1976 quare
272 1928 310 1962 sic
319 1928 436 1963 fecerit?
461 1930 592 1962 Dimitte
599 1929 888 1967 eum‚vtmaledicat
897 1932 980 1963 iuxta
990 1943 1174 1975 praeceptum
1184 1934 1326 1972 Domini,
1334 1935 1355 1967 si
1365 1935 1443 1970 forte
1449 1938 1583 1981 respiciat
1591 1941 1659 1972 Do-

168 1987 268 2009 minus
275 1974 486 2009 afflictionem,
503 1976 532 2011 ὅ(
542 1974 646 2008 reddat
656 1974 732 2007 mihi
741 1973 857 2008 bonum
868 1987 924 2020 pro
933 1977 1150 2012 malediskione
1159 1979 1216 2011 hac
1226 1979 1422 2020 hodietna‚a.
1433 1982 1508 2027 Reg.
1519 1994 1528 2015 i
1538 1989 1569 2015 6.
1586 1986 1658 2019 Bea-
1675 1991 1780 2031 Regum,

167 2033 212 2055 tus
221 2033 346 2067 quoque
355 2022 521 2065 Gregorius
529 2020 654 2053 homilia
666 2031 680 2062 3
691 2021 997 2066 5.superEuangelia,
1012 2025 1221 2058 trastansi'iiud
1235 2026 1325 2060 Lucae
1340 2037 1393 2060 21.
1413 2027 1446 2060 In
1461 2031 1600 2073 patientia
1609 2044 1657 2064 ve.
1676 2033 1816 2072 σημήια,

167 2069 220 2100 stra
227 2066 417 2110 possidebitis
425 2067 540 2100 animas
548 2066 656 2099 vestras
665 2091 674 2104 ‚
689 2067 780 2100 telert
787 2067 873 2110 quod
883 2068 1008 2113 quidam
1018 2069 1190 2112 Stephanus
1206 2071 1293 2105 Pater
1307 2072 1460 2106 cuiusdam
1472 2078 1657 2117 monasterii,

164 2114 252 2146 valde
262 2114 387 2150 sanstus,
396 2114 545 2156 patientiae
552 2114 662 2145 virtute
672 2113 874 2156 singulatis‚in
885 2124 948 2157 quo
957 2116 1050 2147 virtus
1065 2117 1215 2158 patientiae
1223 2119 1263 2149 ita
1272 2118 1464 2152 vehementer
1473 2131 1655 2163 excreuerat,

164 2170 196 2192 vt
202 2171 271 2192 eum
283 2158 335 2192 sibi
343 2160 473 2191 amicum
483 2157 612 2191 crederet
621 2185 630 2196 ,
647 2160 698 2202 qui
706 2158 759 2190 fibi
768 2160 911 2192 molcstiae
922 2161 1036 2205 aliquid
1045 2162 1210 2206 irrogasset,
1218 2163 1322 2196 reddat
1331 2166 1527 2203 contumeliis
1534 2170 1657 2210 gratias,

165 2205 304 2248 &siquid
315 2206 344 2237 in
361 2203 422 2249 ipsa
431 2202 593 2247 suainopia
603 2206 628 2238 ei
646 2205 792 2237 damnum
809 2202 905 2238 suiss‘et
916 2205 1031 2238 illatum
1043 2231 1051 2244 ,
1072 2207 1133 2239 hoc
1148 2210 1315 2242 maximum
1331 2210 1446 2243 lucrum
1458 2213 1592 2255 putabat.
1619 2214 1655 2247 Et

164 2253 230 2294 quis
239 2262 323 2283 tanta
330 2251 470 2294 patientia
478 2250 622 2295 praeditus
632 2249 802 2284 humilitate
808 2249 920 2284 carebit
930 2257 939 2281 ?
950 2253 1030 2295 Qis
1039 2254 1125 2286 etiam
1134 2253 1259 2288 discrete
1267 2255 1470 2294 confidetans,
1487 2260 1569 2301 quod
1580 2259 1655 2293 nihil

164 2296 239 2330 boni
249 2298 366 2341 penitus
373 2307 425 2339 per
433 2295 461 2327 se
471 2296 566 2340 p0test
576 2295 634 2329 fine
642 2298 711 2329 Deo
719 2296 791 2328 illud
802 2296 967 2341 specialiter
974 2308 1133 2342 operante,
1143 2311 1198 2332 nec
1205 2300 1306 2333 adhuc
1315 2312 1386 2333 cum
1396 2303 1468 2334 Deo
1477 2304 1653 2338 anteceden-

165 2354 207 2376 tet
215 2341 262 2376 sed
272 2341 498 2378 subletuienter,
509 2342 627 2374 velutin
637 2353 727 2375 manu
735 2341 857 2375 artificis
870 2344 1101 2376 instrumentum
1113 2369 1122 2384 ‚
1144 2346 1174 2380 ὃ(
1182 2345 1242 2378 hoe
1250 2358 1311 2379 tam
1321 2349 1350 2379 in
1361 2347 1606 2383 consensulibeto
1621 2363 1654 2384 vt

165 2387 218 2421 sub
227 2391 256 2423 ἃ
265 2400 336 2422 eum
346 2389 396 2421 tali
406 2387 519 2422 artifice
529 2399 681 2431 operetur,
691 2399 784 2432 quam
793 2389 822 2421 in
833 2389 899 2425 aliis
907 2389 971 2422 eius
979 2389 1112 2422 motibus
1121 2390 1152 2424 ὃ(
1162 2392 1312 2435 quietibus
1319 2392 1461 2426 vniuerfir
1472 2418 1481 2432 ‚
1495 2406 1528 2428 vr
1539 2405 1592 2430 ιο.
1601 2406 1654 2436 30.

114 2440 134 2472 Ε
164 2436 195 2470 ὅ(
205 2445 254 2474 3²·
262 2434 348 2468 huius
356 2433 529 2470 ostendunt,
547 2445 611 2466 non
620 2433 657 2466 ad
666 2433 866 2467 humilitatem
877 2433 1013 2467 infimam
1024 2436 1146 2470 faciliter
1154 2438 1325 2477 inclinetur,
1335 2437 1405 2471 sicut
1414 2438 1555 2473 vicesimo
1564 2445 1652 2476 tertio

165 2485 195 2512 &
205 2481 351 2514 tricesimo
360 2479 446 2513 huius
454 2489 533 2522 patet
547 2486 556 2510 ἒ
579 2482 681 2521 Qare
690 2480 820 2513 duorum
831 2479 970 2512 vasorum
979 2482 1136 2526 aequalium
1147 2494 1198 2516 aut
1212 2485 1401 2527 inaequali'um
1411 2497 1558 2528 quantum
1567 2489 1652 2522 voles

164 2528 194 2559 in
205 2525 361 2559 nobilitate
370 2527 497 2559 materiae
508 2526 565 2557 sua:
574 2529 604 2559 Sc
612 2529 730 2565 tormae,
743 2525 800 2558 siin
810 2537 904 2559 vnum
912 2526 1009 2569 liquor
1018 2526 1242 2572 pretiosissimus
1251 2530 1439 2570 infundatur,
1447 2532 1542 2564 altero
1552 2545 1650 2566 vacuo

164 2571 423 2609 remanente‚istud
434 2570 598 2614 superbiat,
606 2572 635 2604 ἂ
645 2570 729 2614 super
736 2571 814 2604 aliud
823 2574 947 2604 inaniter
957 2571 984 2603 se
996 2573 1139 2606 exrollat?
1158 2575 1273 2607 Eadem
1284 2576 1313 2609 ὅ(
1323 2587 1386 2609 non
1401 2578 1595 2611 irrationabili
1605 2591 1650 2612 ra„

163 2619 248 2653 tione
256 2620 346 2650 etiam
357 2616 577 2660 vasignobilius
592 2627 859 2662 quantumcunque
872 2618 1121 2662 liquoremtalem
1137 2623 1281 2665 recipiens
1293 2646 1303 2660 ‚
1322 2622 1406 2655 simili
1420 2623 1517 2655 modo
1532 2622 1647 2667 posset?

164 2664 294 2697 nobilius
301 2674 400 2696 autem
409 2662 604 2707 vas‚siliquor
613 2661 788 2695 huiusmodi
798 2667 829 2696 in
838 2665 935 2706 ipsum
946 2665 1060 2708 speciali
1077 2665 1302 2703 erinfundattir‚
1317 2666 1410 2711 posset
1419 2668 1541 2701 forsitan
1552 2670 1649 2713 super-

163 2708 226 2742 bire
235 2706 490 2753 credendoipsum
500 2719 623 2752 propter
642 2709 682 2741 sui
699 2708 886 2742 nobilitatem
902 2710 939 2744 ad
956 2711 1014 2744 tale
1030 2711 1167 2744 officium
1178 2714 1346 2757 pteaffumi.
1371 2715 1429 2746 Sed
1440 2717 1581 2749 nonnein
1599 2728 1648 2749 vas

164 2755 252 2787 vilius
262 2755 410 2797 possetiste
419 2755 520 2798 liquor
529 2753 664 2788 infundi?
678 2755 745 2788 Cur
753 2756 844 2788 etiam
853 2755 890 2789 de
900 2755 1056 2790 nobilitate
1065 2769 1125 2796 turi,
1140 2770 1170 2791 tii
1181 2770 1235 2791 vas
1242 2759 1345 2792 nobile
1354 2761 1481 2792 inaniter
1491 2761 1644 2804 gloriaris?

163 2800 377 2834 Vndetibitua
386 2799 523 2834 nobilitas
541 2807 549 2831 ἒ
572 2801 868 2835 Νοηὲῑεῐεοιιηητ.
887 2803 1004 2834 Nonne
1021 2805 1119 2846 potuit
1137 2804 1463 2839 Plastestiiiisadvsum
1473 2807 1648 2839 vilissimum

162 2858 191 2881 te
199 2845 368 2892 plasmasse?
396 2848 536 2880 Duarum
547 2857 642 2892 quoq3
657 2845 796 2881 tubarum
804 2848 964 2893 aequalium
973 2850 1020 2883 vel
1035 2852 1229 2894 i'naequali'um
1238 2850 1335 2885 modo
1346 2852 1440 2893 disto,
1457 2852 1477 2885 fi
1486 2853 1597 2930 nobiLis
1606 2864 1650 2885 tu-

1584 2911 1651 2931 lccn
