1985 3130
827 146 995 196 Thomae
1012 144 1298 197 OEradwardz'ni
1684 148 1731 197 L
1746 168 1757 197 1
1774 168 1815 198 n.
1836 168 1868 198 1.

422 245 506 295 bere,
515 257 607 295 quam
615 257 674 280 non
684 240 925 289 habere,omniue
934 239 1020 280 modo
1028 240 1193 279 omnimode
1203 244 1313 282 bonum
1329 245 1388 294 eJJe
1397 271 1407 288 ‚
1425 251 1469 281 &⁴
1485 240 1685 280 omnimodam
1694 240 1808 280 bonita-
1831 242 1862 273 A

418 309 481 337 tem
495 298 615 341 habere,
624 297 706 351 quod
710 297 814 336 melius
823 296 864 346 est
876 296 934 350 effe
942 306 986 337 (9·
997 295 1115 342 habere,
1126 310 1216 349 quam
1228 311 1287 335 non
1295 297 1354 349 effe
1368 307 1412 336 (9·
1421 309 1481 333 non
1488 297 1606 344 hahere,
1613 311 1648 336 ac
1657 311 1742 335 omne
1748 299 1813 336 eoi-

426 356 504 393 tium
514 365 556 394 co·
566 354 714 392 malitiam
722 366 781 390 non
789 353 897 392 habere
909 370 916 385 τ
927 362 972 394 zo·
984 352 1210 397 (uniuersaliter
1219 365 1303 391 omne
1313 351 1389 389 illud
1397 365 1456 389 non
1470 349 1590 399 habere,
1600 354 1682 406 quod
1687 366 1744 390 non
1757 352 1811 391 ha-

425 412 494 449 bere
505 408 546 460 est
556 408 660 446 melius
669 422 761 460 quam
770 407 880 446 habere
892 438 906 458 ‚
922 417 974 446 aut
990 406 1112 460 aliquod
1124 406 1260 445 habitum
1269 406 1370 459 aliquo
1378 406 1437 444 alio
1444 406 1531 445 modo
1540 406 1658 455 habere,
1667 406 1748 460 quod
1753 423 1813 447 non

426 462 536 503 habere
544 465 616 515 esset
626 464 730 501 melius
740 477 833 515 quam
844 462 967 513 habere,
976 472 1030 501 aut
1038 464 1198 514 quicquam
1196 462 1321 512 frustra
1322 461 1550 514 superfluumue
1562 461 1668 502 habere
1678 479 1684 500 ι
1694 465 1748 502 νε]
1753 477 1813 502 non

416 521 540 570 semper
548 522 610 569 esso
612 519 733 569 summ?
737 516 874 571 felicem,
884 519 1015 565 beatum,
1023 516 1233 568 aflualemseu
1242 518 1359 567 alium,
1367 520 1412 555 ita
1418 518 1501 570 quod
1508 517 1584 556 nihil
1591 517 1728 571 felicius,
1743 519 1813 558 bea-

417 575 488 617 tius,
497 573 550 612 vel
556 573 704 612 amulius
715 575 777 623 esse
783 577 890 626 posset.

363 638 518 672 Roficiant
526 640 627 672 Deum
634 639 692 672 effe
702 636 1141 678 fatentes,seddubitantes‚vel
1152 648 1294 682 negantes
1309 636 1408 682 ipsum
1421 636 1532 670 habere
1541 638 1669 676 realiter,
1677 640 1813 683 aequiua-

361 685 516 724 lenter‚vel
526 686 780 728 supereminenter
794 684 889 719 omnt‘:
897 696 911 717 ν
919 685 1008 717 ἰηυῐὲ
1016 690 1047 717 δε
1057 682 1223 729 quamlibet
1232 682 1400 716 bonitatem
1405 691 1447 724 ,&
1457 683 1657 718 vniuersahter
1667 686 1813 730 quicquid

311 730 351 762 est
359 731 467 764 melius
477 730 700 776 habere,quam
711 742 775 764 non
786 728 1042 769 habere‚0mniu?:
1053 729 1150 762 modo
1162 727 1347 762 omnimode
1356 728 1473 763 bonum
1485 730 1587 766 effe,&
1597 732 1813 764 omnimodam

311 774 482 809 bonitatem
493 775 615 816 habere,
629 776 714 821 quod
726 776 835 810 melius
844 777 883 809 est
893 773 1116 815 effe&habere‚
1126 787 1220 821 quam
1232 786 1293 808 non
1301 775 1370 812 esse,
1387 782 1417 808 ὃ(
1435 787 1496 809 non
1516 775 1627 808 habere
1637 801 1648 816 ,
1666 787 1700 808 ac
1717 788 1811 809 omne
1835 790 1860 823 Β

312 823 422 854 vitium
433 822 616 855 &malitiam
627 834 691 855 non
702 821 829 855 habere:
847 821 878 855 ὃ(
888 821 1092 855 vniuersaliter
1101 832 1195 854 omne
1203 820 1275 854 illud
1284 832 1346 854 non
1358 820 1570 867 habete,quod
1580 833 1643 855 non
1656 821 1765 855 habere
1772 822 1812 854 est

310 867 418 901 melius
430 871 491 911 qui
502 868 611 900 habere
621 879 631 903 ·‚
641 878 693 902 aut
701 867 828 913 aliquod
838 866 977 900 habitum
987 867 1091 912 aliquo
1098 867 1197 900 modo
1205 864 1326 906 habete,
1335 867 1420 913 quod
1431 879 1494 900 non
1505 866 1615 900 habere
1623 865 1694 900 esset
1705 868 1811 902 melius

309 915 405 959 quam
415 912 523 948 habere
532 926 540 945 ε
549 924 600 946 aut
609 916 771 958 quicquam
780 912 884 947 frustra
892 913 1116 957 superfluumue
1124 912 1236 946 habere
1253 927 1263 952 3
1277 912 1324 946 vel
1341 924 1406 946 non
1417 914 1531 957 semper
1541 914 1597 946 effe
1611 914 1728 947 summe
1745 913 1810 946 seli-

308 958 701 998 cem,beatum‚aerualem,
722 958 771 992 seu
782 961 883 991 astum
893 983 904 999 ,
926 960 968 992 ita
985 959 1070 1003 quod
1084 958 1159 991 nihil
1174 957 1288 992 felicius
1299 984 1308 998 ,
1322 957 1437 992 beatius
1446 959 1493 991 vel
1509 959 1657 992 actualius
1671 960 1728 993 efle
1741 961 1813 1004 posu

307 1003 358 1037 set.
388 1005 470 1038 Alias
488 1006 569 1038 enim
587 1002 806 1050 possetaliquid
814 1005 872 1037 effe
880 1005 1051 1049 peffestrus,
1067 1005 1187 1042 melius,
1202 1015 1292 1049 atque
1302 1003 1466 1041 decentius,
1476 1017 1568 1050 quam
1579 1003 1612 1037 fit
1622 1006 1715 1042 Deus,
1725 1005 1812 1050 quod

307 1049 485 1093 Suppositio
502 1052 600 1095 prima
614 1061 704 1084 vetat.
752 1050 921 1084 Aaualitas
941 1052 1030 1084 etiarn
1046 1050 1162 1084 summa
1177 1051 1236 1083 Dei
1253 1060 1306 1093 per
1322 1049 1384 1082 hoc
1400 1048 1562 1094 specialiter
1577 1050 1813 1090 demonstratur,

305 1096 394 1143 quod
403 1097 487 1128 ailus
499 1098 537 1130 cst
545 1095 654 1129 melior
662 1097 692 1131 ὅ(
702 1097 865 1141 perfectior
873 1106 1023 1141 porentia,
1040 1097 1072 1131 ὅ(
1080 1097 1228 1141 praecipue
1236 1096 1322 1129 aaus
1338 1099 1438 1128 bonus
1449 1097 1586 1141 potentia
1595 1098 1644 1129 sua
1652 1095 1745 1129 bona.
1764 1098 1812 1129 Si—

305 1153 356 1175 cut
365 1153 402 1174 ex
412 1142 582 1175 ostenfione
592 1143 696 1177 primae
706 1141 927 1186 Suppofitionis
938 1153 1074 1187 apparet.
1098 1143 1134 1175 Et
1143 1140 1162 1173 fi
1172 1141 1272 1186 aliqua
1281 1143 1415 1185 potentia
1422 1152 1556 1185 ponatur
1564 1144 1593 1174 in
1603 1144 1672 1175 Deo
1689 1154 1698 1176 ς
1715 1142 1762 1175 illa
1772 1142 1810 1174 de

304 1186 479 1219 necessitate
489 1189 529 1220 est
537 1186 629 1224 bona,
639 1185 712 1219 sicut
722 1187 834 1221 docent
842 1190 956 1231 priores
966 1186 1115 1232 particulae
1124 1186 1213 1221 huius
1222 1188 1321 1231 partis
1338 1186 1433 1219 Nulla
1440 1199 1514 1231 crgo
1526 1187 1727 1232 potentialitas
1738 1202 1748 1227 3
1760 1189 1809 1220 sed

305 1232 421 1265 summa
429 1233 585 1266 actualitas
594 1234 635 1266 est
650 1234 681 1266 in
689 1235 759 1267 Deo
770 1259 780 1273 ,
796 1233 869 1266 sicut
885 1235 984 1277 prima
1001 1233 1173 1277 Suppofitio
1186 1233 1264 1266 clare
1279 1234 1439 1269 monstrat,
1455 1233 1541 1278 quod
1551 1240 1581 1267 &
1591 1233 1808 1267 demonstratur

308 1278 445 1311 similiter
458 1291 511 1324 pet
522 1282 692 1321 proximam
703 1279 878 1322 particulam
888 1277 979 1312 huius
994 1280 1097 1324 partis.
1107 1280 1139 1313 Si
1147 1289 1280 1323 namque
1294 1280 1377 1312 Deus
1394 1277 1428 1311 fit
1438 1277 1551 1312 summe
1560 1278 1664 1312 beatus
1683 1278 1712 1313 ὃ(
1721 1279 1805 1319 felix,

304 1324 343 1358 est
357 1327 471 1358 summe
484 1324 619 1358 annalis:
638 1325 722 1367 Qis
732 1327 813 1360 enim
822 1324 929 1358 nesciat
937 1326 990 1359 ista
998 1324 1154 1359 consistere
1161 1335 1224 1358 non
1233 1326 1265 1359 in
1272 1323 1391 1362 habitu,
1405 1322 1495 1357 sedin
1507 1326 1589 1365 actu,
1605 1324 1686 1370 quod
1698 1326 1729 1361 ὅ(
1739 1325 1803 1359 Phi<
1824 1328 1856 1361 C

305 1369 425 1414 losophi
436 1369 636 1405 manifestant.

359 1467 475 1501 Contra
484 1472 626 1516 negantes
635 1463 738 1501 Deum
747 1464 807 1514 eſse
812 1465 955 1504 virtuto
966 1471 1011 1504 (φ
1021 1461 1165 1502 bonitatis
1176 1460 1334 1516 cuiuslibet
1333 1461 1515 1515 simpliciter
1530 1462 1661 1509 irfinitae.

360 1550 522 1582 Xtendant
541 1551 568 1581 se
583 1560 726 1594 negantes
739 1552 844 1584 Deum
854 1546 911 1584 effe
918 1550 1034 1583 virtutis
1049 1551 1080 1586 ὃς
1093 1549 1238 1594 bonitatis
1256 1549 1412 1583 cuiussibet
1428 1547 1597 1592 simpliciter
1611 1548 1749 1583 infinitae.
1774 1551 1805 1584 Si

358 1606 490 1639 namque
499 1596 599 1638 aliqua
607 1600 701 1628 virtus
711 1598 776 1629 eius
791 1607 841 1630 aut
851 1596 974 1630 bonitas
992 1595 1060 1629 esset
1071 1602 1189 1629 tantum
1206 1594 1290 1628 finita
1300 1620 1309 1632 ‚
1326 1596 1421 1638 posset
1429 1596 1539 1638 augeri.
1564 1597 1672 1634 Quare
1691 1595 1720 1629 ὅ(
1734 1597 1805 1629 Deo

302 1640 418 1684 aliquid
428 1640 534 1672 melius
544 1642 600 1672 esse
610 1642 706 1682 poss'et
718 1664 730 1680 ‚
745 1641 832 1684 quod
848 1641 1023 1686 Suppofitio
1039 1644 1135 1683 prima
1143 1640 1274 1674 damnat.
1302 1640 1356 1679 Hij
1367 1643 1457 1674 etiam
1466 1639 1641 1672 refelluntur
1648 1640 1806 1675 clarissim&

300 1697 354 1728 per
362 1697 537 1729 proximam
545 1696 661 1729 partem
672 1685 771 1718 huius.
791 1685 961 1718 Secundum
969 1685 1050 1717 hanc
1057 1696 1156 1719 autern
1165 1688 1226 1719 Dei
1233 1688 1375 1718 virtutem
1383 1692 1414 1720 8(
1422 1687 1591 1729 potentiam
1602 1685 1799 1723 infinitam&

299 1733 434 1775 respefiru
448 1729 539 1775 ipsius
553 1734 635 1764 iuXta
645 1734 784 1775 praetasta
791 1729 927 1775 superius
941 1729 980 1764 de
998 1732 1134 1775 potentia
1149 1732 1286 1764 existimo
1304 1742 1410 1765 verum
1421 1730 1477 1764 effe
1488 1755 1496 1768 ‚
1521 1730 1607 1775 quod
1626 1732 1801 1766 Geometrae

299 1774 595 1820 supponuntlineam
605 1779 716 1810 rectam
728 1777 813 1821 poffe
830 1776 1055 1820 quantumlibet
1064 1776 1197 1820 pertrahi
1205 1779 1235 1809 in
1245 1778 1426 1810 continuum
1439 1783 1470 1810 δε
1486 1776 1632 1809 directum
1641 1801 1650 1815 ,
1672 1777 1703 1811 ὀι
1717 1778 1804 1823 super

300 1833 436 1854 centrum
446 1821 662 1867 quodcumque
674 1824 800 1867 spatium
810 1821 1032 1865 quantumlibet
1041 1821 1226 1866 occupando
1235 1823 1381 1856 circulum
1391 1821 1558 1865 designare,
1574 1832 1606 1854 vt
1614 1833 1698 1866 patet
1704 1825 1802 1868 primo

299 1867 529 1901 Elementorum
541 1867 689 1902 Euclidis:
707 1867 908 1910 &Philosopi
920 1867 1174 1901 naturalesmedit't
1190 1868 1274 1913 posse
1282 1867 1506 1914 quantumlibet
1516 1866 1660 1900 subtiliari
1676 1871 1706 1904 ὅ(
1722 1868 1800 1902 fimi·
1817 1881 1850 1913 D

299 1914 337 1945 lm
350 1925 356 1944 t
376 1913 407 1948 ὅ(
419 1912 619 1946 vniuersaliter
634 1925 728 1947 omne
743 1913 816 1946 illud
843 1913 930 1957 quod
939 1912 1018 1957 apud
1037 1913 1183 1957 Logicos,
1198 1915 1248 1946 seu
1256 1912 1406 1959 quossibet
1415 1913 1488 1947 alios
1498 1913 1605 1947 dicitur
1617 1915 1738 1955 peric&
1747 1914 1801 1948 ab-

300 1957 398 1991 solute
408 1958 551 2002 possibile
563 1984 571 1997 ,
593 1960 678 2003 quod
696 1958 865 2003 scilicetper
879 1959 908 1991 se
925 1960 1199 1993 contradictionem
1214 1958 1379 1994 formaliter
1387 1970 1449 1994 non
1458 1958 1583 1993 includit
1593 1983 1602 1999 ,
1615 1959 1684 1993 licet
1693 1972 1755 1994 non
1767 1959 1801 1995 fit

301 2004 441 2049 possibile
448 2016 502 2050 per
510 2016 662 2043 naturam,
669 2017 722 2049 per
730 2005 904 2050 potentiam
913 2003 1021 2039 scilicet
1028 2004 1212 2040 naturalem.

525 2097 638 2136 Contra
647 2096 778 2138 dicentes
788 2098 889 2138 Deum
898 2113 958 2138 non
962 2097 1056 2151 plene'
1060 2099 1285 2150 fibisufficere,
1290 2098 1348 2147 sed
1354 2096 1414 2136 alio
1421 2095 1562 2150 indigere.

305 2161 531 2224 Aperientur
541 2161 671 2195 dicentes
680 2164 783 2196 Deum
793 2175 855 2197 non
864 2162 954 2208 plene
964 2162 1015 2196 sibi
1024 2161 1170 2199 sufficere;
1179 2163 1228 2196 sed
1239 2162 1299 2196 alio
1308 2162 1455 2208 indigere.
1465 2162 1538 2196 Hoc
1545 2174 1645 2197 autem
1655 2174 1692 2196 ex
1702 2173 1799 2207 2.par-

374 2205 452 2239 tibus
464 2208 628 2252 proximis,
636 2209 666 2242 ὅ(
676 2219 712 2241 ex
723 2211 820 2252 prima
830 2208 1042 2254 Suppofitione
1052 2211 1245 2254 consequitur
1255 2208 1410 2242 euidenter
1420 2221 1428 2240 t
1449 2209 1666 2242 Constaten'im
1675 2211 1798 2243 notorie

303 2251 511 2286 sufficientiam
519 2251 575 2286 esse
590 2252 718 2287 bonum.
736 2256 841 2297 Qare
850 2256 881 2291 ὅ(
889 2254 1093 2299 Philosophus
1104 2257 1133 2288 in
1143 2256 1180 2289 de
1190 2255 1317 2288 Mundo
1331 2264 1338 2286 ι
1351 2265 1362 2287 ι
1370 2279 1378 2287 .
1392 2254 1520 2298 loquens
1537 2254 1574 2287 de
1589 2258 1672 2293 Deo,
1691 2255 1728 2288 sic
1736 2255 1797 2289 ait:

304 2298 383 2332 Non
394 2310 462 2342 eget
470 2298 610 2343 artificio,
623 2311 674 2332 aut
684 2300 783 2333 alieno
791 2300 1075 2339 adminiculo,velut
1085 2301 1177 2333 nostri
1187 2302 1286 2345 Reges
1296 2301 1434 2344 indigent
1445 2300 1559 2333 clifftela
1566 2311 1692 2345 propter
1699 2304 1798 2344 impe«

302 2344 441 2377 tentiam.
467 2345 504 2377 Et
516 2354 524 2375 ι
537 2369 542 2378 .
553 2344 591 2376 dc
602 2345 698 2378 Coelo
708 2352 738 2379 8(
749 2345 872 2379 Mundo
886 2357 956 2378 100.
967 2357 1064 2391 neque
1080 2346 1170 2380 habet
1179 2357 1307 2391 prauum
1317 2345 1391 2379 nihil
1400 2371 1409 2385 ‚
1426 2345 1670 2390 nequeindigcns
1678 2357 1797 2382 corum,

304 2401 373 2434 quae
382 2388 473 2433 ipsius
482 2388 640 2422 bonorum
648 2390 711 2422 vllo
721 2392 767 2424 cst.
791 2394 900 2436 Qare
910 2392 941 2426 ὃ(
958 2402 1011 2434 24.
1020 2392 1250 2426 Definitionum
1260 2391 1297 2424 de
1308 2392 1381 2425 Deo
1391 2392 1409 2424 a
1427 2390 1555 2423 totidem
1571 2391 1762 2433 Philosophis
1770 2404 1798 2424 e-

304 2435 433 2468 ditarum
449 2446 459 2466 t
471 2443 497 2467 ι.
516 2435 650 2469 dicitita:
667 2437 925 2482 DeusestIemper
933 2437 1078 2476 existens,
1097 2436 1355 2471 neceffitatesolus
1367 2436 1420 2469 fibi
1437 2435 1625 2470 abundanter
1640 2436 1796 2470 sufficiens.
1817 2449 1842 2480 E

306 2480 408 2523 Quod
420 2481 449 2514 ὃ(
458 2481 579 2514 testatur
593 2481 682 2514 Sadai
692 2493 785 2514 vnum
795 2483 831 2515 de
841 2482 1015 2517 nominibus
1024 2484 1084 2516 Dei
1092 2482 1398 2527 Hebraicis,quod‚vt
1405 2481 1474 2515 dicit
1485 2481 1582 2515 Rabbi
1590 2480 1675 2516 Mose
1682 2482 1720 2517 de
1729 2484 1798 2516 Du-

307 2537 341 2557 ee
351 2525 531 2564 dubiorum,
542 2526 602 2558 fine
610 2537 786 2560 neutrorum
796 2533 847 2561 61.
872 2528 956 2562 Idem
964 2529 1005 2562 est
1015 2529 1102 2573 quod
1109 2527 1298 2569 sufficientia,
1319 2540 1357 2561 eo
1367 2526 1451 2572 quod
1459 2539 1523 2559 non
1533 2539 1600 2571 eget
1614 2529 1731 2562 effcntia
1746 2529 1797 2562 ali-

305 2572 388 2604 cuius
397 2572 484 2606 entis,
496 2582 594 2615 neque
603 2584 668 2616 eget
677 2572 737 2604 alio
747 2584 828 2607 εχιτ-Ἰ
839 2572 864 2605 fi:
872 2573 909 2607 ad
920 2572 1089 2608 firmitatem
1099 2573 1227 2607 effenn‘ae
1242 2577 1299 2606 suae
1315 2589 1324 2606 :
1343 2573 1392 2606 sed
1410 2574 1458 2604 sua
1469 2573 1589 2606 essentia
1606 2573 1715 2607 sufficit
1731 2573 1795 2606 sibi.

307 2618 488 2660 leronymus
498 2619 587 2650 etiam
597 2619 626 2650 in
636 2619 737 2663 lingua
748 2619 854 2652 Latina
864 2620 894 2654 ὅ(
906 2619 1033 2653 Hebraea
1042 2622 1147 2662 peritus
1155 2619 1191 2653 ad
1200 2619 1372 2653 Marcellam
1382 2618 1418 2651 dc
1427 2628 1474 2652 10.
1486 2619 1677 2655 nominibus,
1687 2618 1794 2663 quibus

307 2662 388 2706 apud
402 2660 550 2696 l-lcbraeos
557 2665 641 2696 Deus
651 2675 823 2697 nominatur
838 2665 961 2708 epistola
971 2664 1373 2710 99.dicit,quod10⁴horum
1382 2665 1544 2697 nominum
1553 2665 1594 2698 est
1604 2663 1795 2709 Sadai‚quod

306 2707 462 2742 robustum
471 2707 703 2742 &sufficientem
712 2710 750 2742 ad
760 2713 862 2743 omnia
871 2711 1071 2755 perpetranda
1080 2713 1214 2757 accipere
1223 2710 1389 2756 possumus.

362 2791 472 2825 Contra
483 2785 634 2825 credentes
647 2789 750 2826 Deum
765 2802 823 2826 non
833 2788 1006 2842 neceffario,
1024 2788 1072 2835 (ed
1081 2791 1286 2843 contingenter
1294 2788 1353 2842 effi
1359 2787 1476 2836 summe*
1488 2788 1658 2839 perfefium
1669 2796 1713 2828 (9-
1727 2786 1795 2824 De-

408 2854 471 2888 um,
480 2842 633 2895 istumque
640 2843 698 2897 effe
706 2843 894 2893 mutabilem,
907 2844 1094 2897 irascibilem,
1097 2846 1285 2898 placabilem,
1294 2840 1482 2896 astabam,
1492 2842 1647 2883 meabilem
1658 2842 1795 2940 affibssass
