1985 3130
203 148 311 204 644
787 131 955 181 ‘Thomae
975 129 1265 181 Pradwardim'
1617 129 1682 178 Li
1700 148 1741 178 Β.
1754 147 1790 195 3.

289 244 371 265 enim
381 243 433 263 erit
445 229 606 263 fecundum
616 228 675 260 hoc
688 228 860 260 alterutrum
871 230 901 258 in
913 227 1060 269 porestate
1069 224 1178 256 nossm.
1195 224 1280 256 Cum
1290 227 1371 255 enim
1382 226 1398 255 :i
1408 222 1474 256 solo
1486 236 1618 264 motore‚
1637 228 1688 268 qui
1703 236 1786 258 extra
1809 232 1840 264 A

289 290 345 311 nos
356 275 464 315 est‚lint
475 276 643 309 voluntates
652 274 770 309 nostrie,
782 272 813 305 ὀ(
822 271 1018 304 voluntatum
1027 268 1215 303 aduersiones
1231 270 1280 302 vel
1291 269 1485 313 repressiones
1496 294 1507 309 ‚
1522 273 1552 305 ot
1569 281 1674 303 motor
1683 270 1785 303 huius-

293 324 378 357 modi
389 335 418 355 iu
429 323 573 366 potestate
580 320 680 353 nostra
691 330 754 351 non
763 317 797 350 fit
807 317 870 349 vllo
880 316 975 349 modo
988 340 995 353 ,
1013 327 1077 348 non
1088 315 1274 348 eruntillaein
1285 315 1430 358 petestate
1441 316 1538 348 nostra
1548 341 1557 355 ,
1578 327 1633 349 nec
1651 327 1736 349 erunt
1753 320 1784 350 in

294 369 383 402 nobis
399 380 431 400 vr
446 369 579 400 actiones
590 366 695 399 nostrae
703 365 733 399 ὅ(
742 374 844 407 opera,
855 363 905 394 sed
917 373 948 394 vt
958 360 1108 405 passiones
1117 371 1233 394 tantum
1244 362 1261 393 ὲ
1270 360 1421 394 forinseco
1431 373 1552 405 agente,
1568 363 1598 395 ὅ(
1607 373 1785 395 crimusmn-

297 416 360 449 turn
371 424 536 455 receptores
544 410 720 443 huiusmodi
728 407 969 452 impresiionum,
979 413 1008 443 ἃ
1019 407 1103 441 nullo
1113 406 1210 439 modo
1220 409 1348 445 actores,
1364 418 1455 451 quare
1463 419 1516 440 nec
1524 406 1601 440 bene
1611 419 1662 439 uec
1673 410 1786 442 malea-

297 471 402 505 gemus
412 483 420 495 ‚
444 459 491 490 sed
508 461 597 491 virtus
607 457 737 489 coelestis
747 454 795 487 vel
808 454 902 486 fatum
911 464 979 497 aget
993 455 1097 485 omnia
1107 452 1169 484 haec
1179 464 1243 496 quae
1252 450 1452 486 videnturcffe
1469 455 1598 486 actiones
1615 456 1718 485 nostrae
1728 478 1737 492 ,
1753 462 1785 488 gc

296 509 411 539 erimus
421 514 539 536 tantum
547 514 661 546 organa
670 503 784 534 virtutis
794 500 922 532 coelestis
932 503 960 533 6(
971 500 1032 530 fati.
1060 497 1256 531 Manifestum
1274 499 1313 530 est
1328 509 1426 531 autem
1442 498 1528 542 quod
1545 509 1663 542 organo
1673 502 1786 534 nonest

297 549 478 594 imputanda
487 551 641 593 operatio,
653 558 716 592 qtiae
725 544 882 589 peripsum
892 546 998 588 agitur,
1008 543 1045 576 ad
1055 544 1174 576 laudem
1186 543 1233 575 vel
1242 545 1435 587 vituperium,
1444 544 1564 586 culpam
1573 545 1619 577 vel
1630 548 1788 587 meritum,

298 598 372 630 ficut
379 607 481 628 morus
492 606 563 627 rota:
572 593 740 627 molendini
752 594 844 629 varie,
865 601 919 623 nec
929 601 1075 633 quantum
1084 590 1120 622 ad
1130 586 1280 622 essentiam
1293 591 1386 628 suam,
1402 600 1456 621 nec
1465 600 1612 633 quantum
1622 589 1658 623 ad
1668 590 1789 625 tardita-

299 655 360 677 tem
369 642 416 674 vel
426 641 616 674 velocitatem
623 637 809 682 culpabiliter
817 638 957 679 imputari
970 636 1067 679 potest
1075 634 1128 678 ipsi
1139 645 1214 666 rotae
1226 657 1234 669 ,
1257 633 1307 665 sed
1318 646 1401 678 aquae
1410 635 1464 667 [oli
1474 635 1636 678 impellenti
1648 638 1677 670 6(
1685 638 1790 670 reuol-

300 689 380 722 uenti
392 688 485 720 illam.
510 687 619 726 Quare
628 683 816 717 manifestum
827 682 877 717 est,
887 684 956 724 quia
967 681 985 713 ii
996 682 1086 713 virtus
1095 680 1221 712 coelestis
1232 680 1278 711 vel
1287 680 1389 719 fatum,
1407 681 1452 713 vel
1463 683 1634 726 quicunque
1643 683 1717 714 altus
1725 694 1789 717 mo·

302 746 350 766 tor
359 731 537 766 extrinsecus
549 740 688 763 moueret
695 731 808 762 animas
815 727 961 760 humanas
968 726 1005 758 ad
1015 725 1179 759 volendum
1187 726 1233 758 vel
1243 726 1421 763 nolendum,
1431 738 1494 758 non
1503 728 1598 760 aulert
1610 729 1651 759 eis
1659 727 1789 761 domini—

303 791 355 812 um
363 779 394 812 ὃ(
403 778 576 822 imperium,
587 778 632 808 vel
642 776 830 807 autoritatem
842 775 956 806 suarum
965 771 1156 804 voluntatum
1167 772 1197 805 ὅ(
1205 772 1372 807 ῑιᾶἰοηυιη,
1382 784 1449 804 cum
1459 784 1513 805 nec
1523 784 1598 810 vim,
1613 784 1668 804 nec
1677 775 1790 807 vrolen-
1817 776 1840 809 B

304 828 375 858 tiam
388 835 442 857 nec
449 822 640 856 coactionem
650 822 689 854 eis
699 819 851 852 inferread
859 818 922 851 haec
932 817 1051 862 possunt
1061 830 1068 850 ε
1079 819 1108 851 ὁ(
1119 817 1179 849 hoc
1188 817 1226 849 est
1234 816 1531 861 propterltbertatem
1547 829 1633 862 atque
1648 820 1790 860 imperio-

304 869 416 903 sitatem
425 868 603 904 voluntatis,
612 877 736 911 propter
743 876 818 909 quas
827 875 883 897 nec
892 865 1078 896 coastionem
1090 862 1227 900 sustinet,
1244 875 1298 895 nec
1316 863 1493 905 receptibilis
1503 866 1541 897 cst
1551 865 1612 896 vllo
1622 865 1789 898 modorum

304 915 404 960 ipsius.
428 915 471 946 Ex
482 913 528 946 his
537 925 636 945 autem
647 912 800 945 euidenter
807 907 1026 953 apparer‚quod
1036 908 1105 940 licet
1116 910 1180 952 quis
1191 907 1376 942 necessitatus
1383 908 1469 942 fuerit
1478 909 1515 941 ad
1528 910 1697 943 iaciendum
1706 914 1791 956 quic-

305 971 398 1005 quarn
408 960 482 991 boni
492 960 538 991 vel
547 959 628 996 mali,
637 956 657 989 si
666 967 765 990 tamen
775 955 1030 988 neceisitationem
1039 955 1119 986 illam
1130 964 1261 997 ignoret,
1270 961 1300 987 <Sc
1310 955 1396 987 faciat
1405 955 1466 986 hoc
1474 955 1643 988 voluntarie
1652 956 1682 989 ὁ(
1690 957 1793 994 libere,

125 1013 138 1051 μ
152 1012 173 1041 [ε
307 1017 453 1051 quantum
464 1006 492 1036 in
502 1003 515 1049 Η
525 1017 553 1035 eo
561 1005 757 1042 est,meretur.
784 1001 842 1034 Sed
851 1002 917 1044 quia
928 1002 1095 1043 ignorantia
1103 1011 1165 1033 non
1177 1001 1216 1032 est
1225 999 1310 1042 perse
1319 1000 1401 1033 causti
1411 1001 1557 1038 merendi,
1565 1012 1620 1033 nec
1630 1003 1792 1034 necessario

134 1039 139 1051 ι
307 1053 494 1096 conieqnens
503 1052 654 1083 meritum.
672 1047 767 1092 potest
775 1058 839 1090 quis
850 1056 911 1078 non
921 1048 1096 1088 ignoranter
1106 1070 1115 1085 ‚
1131 1046 1180 1079 sed
1190 1046 1257 1078 vere
1267 1046 1387 1078 scienter
1396 1043 1578 1080 neceslitatus
1588 1047 1625 1080 ad
1633 1047 1743 1090 aliquid
1752 1048 1794 1079 fa-

306 1096 460 1135 ciendum,
468 1097 527 1128 hoc
536 1094 674 1128 iaciendo
683 1095 801 1125 mereti.
819 1093 851 1126 Si
861 1103 991 1136 namque
1000 1093 1169 1134 ignorantia
1179 1090 1338 1124 necessario
1348 1093 1576 1135 praeexigeretut
1591 1092 1628 1124 ad
1638 1104 1790 1132 meritum,

305 1143 367 1185 ipfii
375 1140 444 1174 esset
454 1141 538 1174 causi
548 1140 703 1172 essentialis
712 1139 790 1170 illius
800 1163 808 1176 ‚
832 1148 864 1170 vt
874 1148 977 1181 quarto
986 1137 1016 1170 ὃ(
1025 1138 1144 1169 decimo
1155 1138 1242 1170 tertio
1251 1147 1340 1179 primi
1349 1137 1484 1171 docetur.
1513 1140 1628 1171 Omnis
1639 1141 1716 1171 enim
1726 1136 1795 1170 effe-

306 1191 372 1221 stus
382 1191 516 1232 ponitur,
530 1185 575 1218 vel
586 1187 660 1229 poni
669 1184 775 1228 potest,
786 1183 887 1227 positis
897 1182 1042 1215 omnibus
1052 1184 1081 1217 ὅ(
1096 1181 1161 1215 solis
1171 1181 1369 1215 effentialibus
1376 1183 1467 1215 causis
1476 1182 1547 1216 suisr
1565 1182 1614 1216 sed
1625 1185 1796 1227 ignorantia

307 1244 371 1265 non
382 1233 421 1264 est
431 1234 530 1277 aliqua
538 1229 695 1265 essentialis
708 1227 793 1262 causa
801 1229 916 1264 meriti,
931 1239 963 1261 vt
979 1228 1116 1261 inductio
1131 1226 1296 1261 manifestat
1313 1239 1321 1262 3
1337 1227 1396 1271 ipsa
1412 1231 1712 1274 quoqucignorantia
1721 1241 1794 1273 pura

307 1280 437 1323 priuatio
446 1281 484 1311 cst
494 1281 523 1312 ὁ(
533 1277 618 1313 nihii,
627 1287 717 1319 quare
726 1275 839 1307 nullam
850 1285 949 1307 veram
959 1285 1022 1307 rem
1038 1275 1148 1307 causat.
1168 1275 1204 1307 Et
1221 1284 1274 1317 per
1283 1273 1435 1306 decimum
1447 1278 1587 1308 ostauuin
1604 1276 1721 1307 secundi
1737 1277 1793 1307 liu-

309 1327 369 1362 ius,
380 1330 520 1356 meritum
533 1325 571 1355 est
581 1333 649 1355 vera
660 1332 704 1353 res
714 1320 855 1353 existens:
867 1318 978 1352 sublata
987 1321 1076 1362 igitur
1087 1321 1255 1362 ignorantia
1265 1321 1441 1363 supradicta,
1460 1320 1489 1353 ὅ(
1500 1321 1641 1353 flantibus
1652 1321 1795 1353 omnibus
1808 1319 1839 1351 C

308 1370 403 1403 causis
412 1368 608 1402 effentialibus
618 1368 725 1402 meriti,
736 1367 789 1399 erit
799 1367 939 1397 meritum
950 1364 1021 1397 sicut
1033 1376 1127 1408 prrus3
1144 1366 1277 1396 maxime
1284 1376 1355 1409 quia
1363 1365 1483 1398 habitus
1491 1366 1650 1410 oppofitns
1658 1378 1798 1410 ignoran-

311 1419 369 1453 tiar,
379 1415 408 1448 id
415 1418 466 1454 est,
475 1415 603 1451 scientia,
614 1423 676 1445 non
684 1423 828 1457 repugnat
838 1409 1002 1445 formaliter
1009 1420 1130 1447 merito,
1138 1422 1191 1443 nec
1198 1411 1283 1444 alicui
1292 1412 1342 1447 aiij
1352 1411 1482 1454 potitiuo
1489 1423 1556 1444 cum
1569 1412 1616 1444 tali
1627 1413 1734 1445 merito
1745 1423 1800 1444 ne-

309 1460 431 1494 cessario
442 1470 658 1494 concurrente:
669 1460 777 1498 Quare
785 1463 814 1489 δε
826 1456 944 1490 videtur
951 1455 1035 1500 quod
1045 1454 1199 1490 cistntialis
1215 1463 1245 1490 8<
1256 1467 1308 1500 per
1317 1457 1344 1489 se
1352 1459 1430 1491 ratio
1439 1459 1573 1491 merendi
1582 1459 1615 1491 sit
1626 1460 1693 1497 ista;
1709 1459 1800 1490 meri-

133 1506 145 1544 Η
155 1504 179 1534 se
309 1508 456 1544 tiuum,Vt
466 1506 502 1538 fic
511 1507 629 1549 loquat,
643 1506 749 1537 scilicet
757 1502 855 1536 habile
863 1503 901 1534 ad
912 1502 1090 1536 merendum
1102 1501 1197 1536 facore
1206 1502 1279 1547 quid
1290 1502 1504 1536 moralelibere
1517 1527 1524 1539 ‚
1541 1514 1726 1547 quantumin
1742 1502 1754 1547 ΙΙ
1769 1515 1800 1535 eo

309 1554 362 1591 est,
372 1551 420 1585 seu
430 1550 712 1595 simpliciterlibere,
720 1549 825 1581 scilicet
835 1548 1002 1582 voluntarie
1011 1547 1071 1581 siue
1078 1550 1255 1592 spontanee.
1281 1548 1367 1581 Posui
1376 1550 1546 1582 meritiuum
1557 1549 1594 1582 ad
1604 1548 1800 1581 diffirenttum

310 1600 369 1631 Dei
380 1605 410 1631 sc
422 1600 592 1630 {anctorum
600 1595 851 1629 confirmatorum
860 1593 987 1638 perfecte
997 1617 1006 1632 ,
1030 1592 1102 1626 ficut
1109 1605 1194 1627 erunt
1211 1595 1276 1639 post
1284 1593 1372 1627 finale
1380 1595 1520 1628 iudicium
1527 1619 1534 1632 ,
1543 1595 1594 1639 qui
1605 1593 1724 1639 poffunt
1739 1595 1797 1627 tale

310 1650 342 1676 δε
355 1642 392 1676 iic
400 1643 496 1677 facere
504 1655 566 1676 non
577 1641 724 1676 merendo
734 1665 743 1679 ‚
769 1652 806 1673 eo
817 1641 900 1684 qnod
911 1652 971 1673 non
985 1639 1050 1672 sunt
1060 1650 1110 1672 aut
1119 1650 1206 1672 erunt
1222 1639 1337 1672 habiles
1344 1640 1382 1673 ad
1390 1639 1576 1673 merendum.
1615 1639 1686 1672 Hcc
1694 1650 1797 1673 autern

307 1689 428 1722 videtur
438 1690 567 1722 multum
575 1691 745 1722 consonum
754 1688 874 1719 rationi.
904 1687 989 1718 Nam
1000 1684 1018 1718 fi
1029 1687 1095 1729 quis
1103 1687 1169 1719 licet
1178 1685 1365 1718 necesfitatus
1374 1685 1498 1719 scienter
1507 1685 1543 1719 ad
1561 1684 1733 1718 faciendum
1743 1687 1798 1718 ali·

309 1735 381 1778 quid
398 1745 456 1779 pro
471 1737 583 1772 amico,
591 1736 678 1767 iaciat
694 1732 757 1765 hoc
766 1743 823 1776 pro
833 1743 871 1764 eo
879 1743 941 1764 non
949 1733 1058 1764 inuitus
1067 1741 1209 1775 tanquam
1219 1729 1388 1764 necestitate
1396 1733 1518 1765 coaetus
1528 1756 1537 1770 ,
1553 1732 1602 1763 sed
1611 1734 1796 1775 quantumin

307 1792 346 1813 co
356 1781 405 1816 est,
428 1779 520 1813 libere
531 1788 561 1814 &
571 1780 701 1813 omnino
711 1777 874 1822 spontanee
882 1788 915 1810 ac
926 1777 1036 1811 deuote
1044 1775 1275 1821 gratillimoqne
1283 1788 1388 1810 amore
1397 1802 1407 1816 ‚
1422 1777 1539 1810 videtur
1555 1778 1638 1821 qnod
1649 1779 1796 1810 ratioexi-

309 1837 373 1870 gat,
382 1827 411 1861 ὅ(
423 1827 573 1868 gratitudo
583 1825 758 1868 compellat,
775 1824 858 1867 quod
867 1824 914 1857 ille
924 1822 1116 1857 beneficiatus
1123 1821 1308 1856 benefactoii
1324 1823 1379 1856 suo
1391 1824 1520 1866 aliquam
1530 1834 1658 1867 gratiam
1676 1821 1792 1861 referat,
1805 1829 1839 1864 D

133 1873 147 1917 Η
163 1878 298 1908 neceffiriai
309 1883 360 1904 aut
370 1872 470 1903 saltem
481 1872 611 1915 aliquem
620 1881 738 1915 gratum
748 1870 886 1902 effestum
896 1869 1055 1912 rependat:
1075 1870 1157 1901 Nam
1169 1870 1213 1902 vis
1224 1867 1286 1911 ipsa
1295 1869 1482 1912 gratitudinis
1500 1868 1516 1911 ΙΙ
1531 1872 1635 1901 intima
1651 1880 1710 1902 non
1727 1879 1794 1912 per-

310 1918 413 1955 mittit,
421 1928 454 1949 vr
464 1915 566 1953 stilibi,
580 1916 650 1949 ficut
659 1917 756 1948 caeteri
764 1915 935 1952 hominum,
947 1915 1021 1946 licut
1030 1912 1175 1947 Ethnicus
1185 1915 1215 1948 ὅ(
1227 1913 1417 1953 publicanus,
1430 1915 1480 1958 qui
1491 1925 1646 1958 nunquam
1657 1926 1723 1947 eum
1733 1925 1798 1957 gra-

310 1965 346 1995 tis
355 1963 470 2001 dilexit,
478 1973 632 2005 nunquam
641 1960 693 1994 fibi
703 1962 800 1994 voluit
809 1960 925 1993 bonum
936 1972 989 1993 nec
1005 1970 1140 2004 vnquam
1150 1961 1179 1992 in
1189 1961 1317 1993 minimo
1325 1959 1479 1993 benefecit.
1509 1959 1579 1992 Hoc
1588 1971 1686 1993 autem
1697 1970 1798 1992 totum

310 2007 694 2040 demonstraturclarilfime
702 2009 731 2039 in
742 2007 882 2039 Domino
893 2007 956 2039 lesu
966 2005 1164 2050 Clirisso,qni
1175 2005 1229 2038 fuit
1237 2004 1427 2039 ncceffitatus
1436 2005 1668 2049 quodammodo
1677 2005 1714 2037 ad
1724 2017 1797 2048 ope-

309 2064 342 2084 ra
351 2054 397 2084 sua
407 2055 558 2086 meritoria
567 2054 718 2090 vniuersa,
741 2051 814 2084 ficut
829 2050 954 2094 praesens
971 2050 1132 2095 capitulum
1141 2050 1325 2091 ostendebat,
1342 2063 1395 2085 nec
1404 2053 1590 2094 ignoranter,
1604 2050 1651 2083 {ed
1663 2051 1797 2084 distincte

310 2096 446 2138 scienter,
457 2096 770 2140 sicutnullusambigit
785 2097 986 2130 Christianus.-
1005 2095 1261 2139 quod&ipsemet
1277 2098 1409 2140 expresse
1422 2098 1591 2130 contestans
1603 2122 1612 2136 ,
1634 2097 1711 2129 Non
1727 2094 1796 2138 pos-

312 2145 388 2180 sum,
396 2146 504 2188 inquit,
528 2155 586 2187 ego
596 2145 611 2177 a
621 2142 744 2186 meipso
760 2143 857 2175 facere
864 2145 1038 2186 quicquam,
1047 2141 1093 2174 sed
1105 2140 1178 2174 sicut
1186 2141 1293 2181 audio,
1304 2142 1403 2175 iudico
1414 2141 1482 2175 ioh.
1495 2155 1521 2185 5.
1537 2142 1619 2187 qnod
1629 2140 1749 2175 dixitdc
1759 2141 1798 2174 se-

134 2196 289 2232 eAsselmm.
312 2189 378 2231 ipso
394 2189 557 2222 secundum
572 2200 710 2222 naturam
729 2190 809 2221 suam
825 2187 992 2219 humanam
1003 2212 1014 2225 ,
1032 2186 1103 2219 sicut
1114 2186 1297 2220 tricesimum
1315 2188 1430 2222 secundi
1448 2188 1567 2231 allegat.
1594 2187 1685 2221 Vnde
1693 2187 1797 2220 Antel-

311 2245 379 2267 mus
392 2245 419 2265 ι.
431 2236 497 2267 Cur
507 2235 693 2268 Deushomo
707 2234 940 2276 5.necessitatem
952 2232 1144 2276 biparticndo
1160 2233 1343 2277 distinguens
1357 2236 1437 2266 iuxta
1451 2233 1671 2268 dissinstionem
1691 2234 1798 2276 Augu-

146 2311 248 2350 {neceff
276 2313 281 2318 ,
311 2279 378 2311 {lini
393 2281 583 2323 pra-mnsam,
599 2279 728 2313 ostendit
737 2290 828 2311 vnam
838 2277 906 2317 eisc,
920 2290 988 2322 qnae
1001 2277 1296 2355 ριξὴὼίτῐοηεηηιιι
1310 2281 1497 2355 ι’ῗειᾶἰοηεῐη
1514 2281 1672 2322 importat,
1687 2285 1717 2312 δι
1732 2278 1797 2311 red-

136 2313 140 2350 Ῑ
158 2364 163 2368 ⁷
247 2323 294 2341 ΞΠ·
311 2325 354 2357 dit
371 2329 382 2364 ΙΙ
401 2326 588 2366 medantum
604 2327 700 2357 inuiti]
711 2338 718 2357 :
730 2325 907 2363 &alteram‚
921 2336 989 2368 quae
1006 2336 1023 2356 n
1051 2323 1069 2355 il
1079 2323 1156 2356 1201-ss
1167 2326 1324 2367 importat,
1343 2323 1379 2357 ed
1390 2331 1506 2357 tantum
1523 2324 1796 2357 immutabilitatem

136 2363 223 2431 Hgffi
311 2369 479 2413 spontanei
491 2371 665 2403 voluntatis.
692 2371 844 2408 Prima,vt
856 2370 926 2401 dicit
938 2394 945 2407 ‚
961 2368 1038 2401 tollit
1047 2370 1142 2413 gratii
1152 2376 1182 2402 8(
1192 2373 1331 2403 meritum
1347 2368 1500 2411 Ηβιτιέηιὶε
1516 2369 1643 2403 secunda
1652 2369 1726 2403 vero
1735 2382 1796 2403 non

312 2417 404 2452 tollit,
420 2416 467 2448 sed
477 2417 660 2457 compatitur
671 2418 700 2450 ὅ(
715 2415 922 2460 adaugetzvbi
939 2415 976 2446 ad
987 2413 1176 2459 propositum
1192 2417 1292 2458 primo
1308 2416 1425 2457 quaerit,
1441 2417 1620 2456 Quomodo
1636 2415 1797 2459 imputabi-
1808 2425 1834 2458 Ε

310 2474 378 2494 mus
390 2463 518 2494 nostram
534 2461 653 2495 salutem
662 2464 721 2493 cius
731 2464 837 2504 gratis,
860 2460 878 2491 fi
891 2472 943 2493 nos
954 2459 1043 2494 saluar
1053 2458 1236 2494 necessitate?
1250 2462 1286 2493 Et
1297 2463 1390 2495 statim
1400 2460 1572 2505 respondet,
1582 2462 1627 2493 Est
1638 2460 1798 2499 necessitas,

310 2519 375 2549 qua·
390 2507 588 2540 benefacienti
605 2509 729 2550 gratiam
746 2507 840 2540 aufert
856 2518 907 2539 aut
921 2506 1045 2538 minuit:
1066 2512 1096 2540 ὁ(
1114 2507 1154 2538 cst
1172 2506 1338 2545 necessitas,
1365 2518 1422 2549 qua
1432 2508 1528 2540 maior
1544 2507 1694 2540 beneficio
1705 2508 1797 2549 gratia

311 2552 447 2585 debetur.
473 2555 554 2586 Cum
566 2564 646 2584 emm
657 2553 762 2596 aliquis
778 2564 813 2584 ea
825 2550 995 2584 necestitate
1011 2552 1058 2584 cui
1078 2547 1224 2588 subiacet,
1256 2554 1365 2586 inuitus
1382 2551 1551 2592 benefacit,
1582 2564 1634 2586 aut
1648 2553 1728 2585 nulla
1744 2562 1798 2585 aut

311 2600 412 2630 minor
430 2600 454 2629 ei
465 2600 554 2642 gratia
566 2597 705 2631 debetur.-
716 2609 786 2630 cum
797 2596 939 2641 veroipse
957 2596 1066 2638 sponte
1077 2594 1488 2631 senecesfitatibenefaciendt
1500 2597 1607 2637 subdit,
1623 2599 1798 2631 necinuitus

310 2655 376 2675 eam
387 2644 590 2683 iustinet,tunc
599 2645 676 2686 vtiq3
687 2645 832 2676 maiorem
842 2641 977 2679 beneficii
989 2643 1082 2685 gratiz't
1092 2653 1233 2676 meretur:
1246 2644 1320 2676 Non
1331 2645 1410 2676 enim
1419 2643 1482 2676 haec
1491 2645 1530 2676 cst
1540 2643 1665 2677 dicenda
1675 2641 1797 2675 necem-

312 2689 415 2727 ta5‚scd
425 2691 599 2733 gnitia,quia
608 2689 693 2721 nullo
702 2699 830 2733 cogente
838 2688 886 2720 ill-‘1
897 2686 1084 2732 suscepit,aut
1094 2690 1199 2729 seruat,
1211 2687 1258 2722 sed
1267 2689 1460 2732 gratis.Nam
1470 2687 1488 2721 fi
1498 2688 1581 2733 quod
1590 2688 1684 2720 hodie
1693 2690 1798 2730 sponte

311 2737 459 2779 promittis
470 2746 531 2768 cras
543 2746 569 2767 te
578 2734 731 2771 daturum.
750 2734 856 2768 cadem
866 2744 928 2767 cras
939 2733 1093 2768 voluntate
1103 2734 1168 2777 das,
1182 2735 1315 2780 quamuis
1323 2736 1436 2768 necessc
1446 2735 1479 2769 stt
1489 2747 1517 2768 te
1526 2747 1590 2770 cras
1597 2734 1717 2768 reddere
1726 2745 1798 2775 pro-

1667 2777 1799 2819 missurn,

135 2138 240 2164 Ioannes.
