1985 3130
127 156 178 206 C
195 175 220 203 A
239 173 280 203 ι».
308 167 358 200 1¹.
758 150 834 200 De
850 151 972 217 Catfia
994 151 1099 201 Dei.
1690 162 1789 224 687

128 257 159 287 A
182 250 255 285 ficut
261 259 301 283 ex
307 259 339 293 4.
353 250 384 285 ἃ
393 247 586 294 sequentibus
594 249 682 283 huius
689 256 774 294 patet
792 262 799 280 :
820 248 952 293 ideoque
960 248 1006 281 his
1017 245 1166 280 omnibus
1181 246 1325 280 flantibus
1334 249 1390 281 isso
1399 249 1511 290 modo,
1525 250 1595 284 cum
1604 252 1682 291 vult,

181 297 286 331 vult&
295 294 389 329 efficit
399 299 485 328 suum
494 295 581 333 velle,
595 296 627 331 ἃ
635 295 705 328 cum
714 305 778 328 non
788 294 868 332 vult,
881 304 945 327 non
955 294 1035 334 vult,
1045 301 1101 326 nec
1110 292 1205 325 efficit
1212 292 1301 324 suum
1310 295 1408 334 velle3
1424 305 1519 339 quare
1526 296 1627 340 potito
1635 300 1677 330 se-

185 343 319 376 cundum
328 343 506 385 opinionem
515 341 682 387 insipientis
692 341 794 375 Deum
805 351 869 372 non
879 341 937 372 elle
946 345 977 373 &
987 339 1147 372 hominem
1157 335 1224 374 esse,
1235 335 1379 383 posseque
1387 351 1475 384 agere
1490 354 1498 375 3
1516 343 1563 376 vel
1570 341 1675 377 secun,

184 388 259 420 dum
268 389 450 431 opinionem
459 386 667 433 quorundam,
683 397 755 431 puta
773 385 1021 430 Pelagxffiomm,
1037 387 1088 429 qui
1106 384 1210 418 dicunt
1224 386 1251 417 le
1264 384 1321 416 elle
1338 383 1497 429 sapientes,
1512 386 1673 421 hominem

181 434 267 478 poss'e
275 444 362 477 agere
371 431 432 466 fine
439 435 508 467 Deo
514 432 681 479 aliqualiter
687 442 847 475 coagente‚
867 431 965 463 homo
973 442 1003 462 in
1021 430 1137 462 aclibus
1145 428 1204 461 suis
1211 428 1312 462 liberis
1328 429 1397 463 eslet
1412 430 1487 466 liber
1501 432 1673 477 [impliciter

182 478 319 513 libertate
326 478 684 515 contradiffionis,besliae
692 488 791 511 autern
799 488 861 511 non
871 475 919 509 sic.
938 476 1008 509 Imo
1017 477 1047 511 ἂ
1055 475 1075 507 fi
1086 475 1300 519 ponaturipsas
1308 475 1392 519 posse
1399 488 1487 520 agere
1495 480 1564 512 Deo
1575 480 1672 512 nulla..

182 534 272 559 tenus
279 535 438 567 congente,
446 524 544 557 adhuc
552 522 652 568 posito
661 522 817 568 appetibili
828 523 859 556 ὃ(
867 524 979 556 caetetis
990 522 1086 554 causis
1095 520 1230 554 secundis
1239 532 1308 554 cum
1318 521 1561 565 dispositionibus
1569 527 1670 570 requi-

181 569 241 603 fitis
251 571 281 605 ἃ
290 571 461 603 naturaliter
470 574 559 614 praeui
562 575 588 608 js
597 571 754 613 appetitui,
766 570 845 602 aaut·
861 568 967 601 scilicet
985 566 1155 612 appetendi,
1173 567 1336 600 necessario
1351 568 1564 614 sequituripsas
1575 581 1668 614 appe-

182 626 257 654 tere,
272 617 444 648 necessitate
452 615 559 649 scilicet
574 616 708 648 naturali.
736 614 828 648 Vnde
844 612 1046 657 Philosophus
1056 625 1084 651 9.
1101 611 1287 655 Metaphyst
1297 624 1329 644 o.
1345 613 1544 653 irrationales,
1558 618 1667 661 inquit,
1687 624 1849 666 Philosophus,

181 663 331 705 potentias
340 660 511 700 necessarie),
519 660 644 704 quando
653 672 685 694 vt
693 658 827 705 possunt,
845 658 997 704 passiuum
1016 661 1046 694 ὰ
1058 660 1189 690 aetiuum
1198 660 1457 703 appropinquant.
1473 660 1534 694 hoc
1541 663 1664 707 quidem

182 705 289 742 ficere,
298 706 372 739 illud
383 717 456 739 vero
466 709 544 750 pati:
557 706 639 750 quod
648 713 678 741 ὅ(
690 707 806 739 testatur
815 707 956 740 autoritas
965 702 1141 737 Damasteni
1152 703 1288 740 dicentis,
1296 706 1477 739 ltrationalia
1487 718 1550 740 non
1558 707 1624 741 sunt
1632 709 1666 740 li·
1685 707 1854 742 Damascena:

180 751 252 785 bera
260 751 398 791 arbitrto;
410 763 540 795 aguntur
546 754 626 785 enirn
636 755 731 796 magis
742 752 759 783 ὲ
769 762 873 784 natura
881 753 975 795 quam
984 761 1088 794 agant,
1104 749 1237 793 ideoque
1243 761 1307 782 non
1316 751 1526 785 contradicunt
1537 755 1666 787 naturali

128 790 152 822 Β
179 799 338 843 appetitui,
353 798 400 831 sed
412 797 496 830 simul
507 808 654 842 appetunt
663 797 747 842 quid,
760 797 790 831 ὅ(
801 808 949 840 impeturn
957 794 1114 828 faciuntad
1123 796 1238 832 aCtum,
1249 794 1320 827 licut
1329 797 1460 840 superius
1468 797 1583 841 plenius
1591 804 1667 832 reci-

180 855 271 878 tatur.
295 843 385 876 Hanc
393 847 484 876 etiam
494 843 699 877 objectionem
709 841 869 874 Ansclmus
880 841 1019 875 delibero
1028 842 1152 874 arbitrio
1164 851 1190 883 5.
1201 840 1287 874 simili
1297 844 1393 874 tnodo
1403 840 1667 889 soluit‚vb1·pr1·m6
1688 843 1826 880 Anselmus.

180 891 198 923 a
207 887 353 932 discipulo
362 890 400 922 ita
411 888 713 933 quaerit;Qomod0
723 899 784 920 non
795 888 834 920 est
843 887 936 920 libera
946 888 1196 930 voluntas,quam
1205 886 1299 919 aliena
1308 889 1437 930 potestas
1448 887 1508 922 sine
1514 888 1569 923 suo
1580 891 1668 926 affert-

180 937 213 968 su
222 934 364 972 subiicere
375 946 438 968 non
450 935 544 977 potest
560 944 569 965 ε
590 935 625 967 Et
642 933 787 978 discipulo
794 936 976 977 requirente,
990 934 1109 966 Nonne
1118 931 1326 965 fitniliratione
1338 934 1498 977 possumus
1506 937 1603 970 dicere
1612 948 1668 969 vo.

179 981 324 1015 luntatem
333 991 402 1025 equi
414 981 470 1013 effe
478 980 613 1017 hberam,
627 991 696 1025 quae
712 991 777 1012 non
793 981 937 1024 appetitui
952 980 1049 1011 tarnis
1067 979 1157 1010 seruit
1171 976 1224 1009 nisi
1235 978 1340 1010 volens
1359 986 1367 1009 ἒ
1386 980 1572 1024 Respondet,
1590 982 1667 1017 Non

179 1026 243 1060 hoc
251 1026 291 1058 est
300 1026 448 1059 fimiliter:
466 1029 494 1058 in
503 1038 582 1070 equo
592 1037 726 1070 namque
733 1036 795 1058 non
803 1028 864 1069 ipsa
874 1026 1013 1058 voluntas
1023 1024 1049 1056 se
1058 1022 1189 1062 subiicit,
1206 1023 1256 1057 sed
1272 1025 1444 1058 naturaliter
1453 1025 1581 1061 subiecta
1590 1028 1668 1061 sem-

180 1083 234 1117 per
241 1070 411 1105 necessitate
427 1073 574 1115 appetitui
588 1074 684 1104 carnis
696 1070 783 1104 seruit
798 1086 805 1104 :
823 1072 853 1102 in
863 1071 989 1104 homine
999 1069 1071 1103 ver&
1079 1069 1225 1113 quamdiu
1234 1071 1297 1114 ipsa
1306 1070 1447 1105 voluntas
1456 1074 1535 1107 resta
1544 1075 1593 1109 est,
1611 1085 1667 1107 nec

180 1118 270 1151 seruit
280 1127 335 1150 nec
344 1117 472 1150 sublesta
481 1118 520 1150 est
530 1121 576 1151 cui
587 1130 650 1150 non
659 1116 760 1155 debet,
780 1127 834 1149 nec
845 1117 882 1150 ab
890 1115 951 1161 ipsa
959 1116 1138 1148 testitudine
1148 1115 1206 1147 vlla
1215 1117 1244 1147 vi
1253 1117 1349 1148 aliena
1358 1120 1512 1156 auertitur,
1530 1118 1581 1152 nisi
1590 1121 1665 1158 ipsa,

180 1165 230 1197 cui
239 1174 304 1197 non
311 1161 411 1199 debet,
427 1163 533 1197 volens
542 1163 721 1202 consentiat,
736 1172 828 1206 quem
837 1161 1012 1196 consensum
1027 1172 1089 1194 non
1098 1161 1272 1194 naturaliter
1280 1171 1334 1194 nec
1345 1173 1381 1194 cx
1392 1165 1578 1202 necessitate,
1593 1165 1667 1199 sicut

178 1220 284 1254 equus,
294 1211 341 1242 sed
353 1220 389 1241 ex
400 1208 427 1243 se
434 1210 533 1253 aperte
543 1209 661 1243 videtur
667 1208 785 1241 habere.
802 1210 911 1242 Beatus
920 1210 1009 1241 etiam
1025 1207 1208 1250 Augustinus
1220 1217 1233 1247 3
1243 1233 1249 1240 .
1260 1207 1297 1240 de
1306 1206 1401 1240 libeto
1410 1208 1534 1242 arbitrio
1548 1221 1560 1241 ι
1568 1235 1576 1244 .
1586 1210 1624 1244 ad
1635 1210 1664 1243 si·
1687 1214 1843 1254 Augustinus.

178 1256 282 1288 milem
295 1254 498 1288 obtectionem
508 1255 545 1287 dc
554 1267 641 1288 motu
651 1254 758 1299 lapidis
768 1255 896 1287 naturali
913 1252 997 1286 simili
1013 1253 1109 1284 modo
1124 1250 1294 1296 respondet.
1315 1253 1397 1286 cum
1406 1266 1507 1288 autem
1517 1255 1668 1293 objiciens

181 1301 300 1335 vlterius
310 1300 453 1345 arguebat
464 1299 577 1335 ·,bestiae
587 1311 679 1345 agunt
688 1300 794 1337 libere,
803 1311 874 1344 ergo
882 1298 1033 1332 meritorie
1043 1313 1053 1336 ς
1064 1298 1239 1332 consecutio
1249 1300 1297 1332 illa
1307 1311 1370 1332 non
1381 1310 1473 1334 tenet.
1501 1301 1584 1335 Nam
1595 1301 1668 1338 sicut

126 1349 154 1381 C
179 1349 210 1381 in
218 1347 324 1379 morali
334 1346 536 1391 Philosophia,
543 1348 610 1382 &in
621 1349 700 1379 sacra
709 1345 885 1390 Theologia
893 1346 1002 1377 docetu
1009 1355 1020 1375 r
1029 1343 1221 1383 creberrime,
1236 1345 1274 1379 ad
1283 1347 1424 1378 metitum
1434 1358 1497 1379 non
1511 1346 1616 1381 sufficit
1624 1346 1668 1381 fa-

181 1402 248 1427 cere
257 1392 375 1426 tantum
385 1393 558 1425 naturaliter
568 1403 662 1426 vnum
677 1392 809 1431 bonum,
826 1392 872 1424 sed
882 1393 1041 1435 requiritur
1052 1390 1148 1423 facere
1156 1390 1253 1434 ipsum
1263 1391 1353 1430 benc,
1368 1391 1452 1435 quod
1462 1404 1527 1425 non
1536 1391 1608 1426 facit
1614 1392 1667 1427 nisi

179 1440 308 1473 intentio
318 1437 487 1479 reaafinis,
505 1450 537 1471 νε
546 1449 626 1482 patet
634 1449 670 1471 ex
682 1448 734 1481 34.
745 1439 834 1481 primi
843 1451 853 1476 ς
862 1437 940 1469 hanc
949 1447 1048 1469 autem
1057 1436 1156 1479 dirigit
1164 1438 1241 1469 ratio
1250 1438 1328 1470 reste
1337 1437 1533 1480 praeiudicans
1550 1449 1559 1473 ;
1574 1449 1668 1483 quare

179 1483 278 1517 bestiae
284 1487 404 1518 ratione
411 1495 557 1523 careum,
573 1486 604 1519 ἃ
612 1486 722 1518 metito
730 1484 768 1517 de
776 1484 947 1517 necessitate
957 1481 1111 1516 carebunt.
1133 1482 1204 1515 Imo
1220 1483 1250 1517 ὁ(
1266 1482 1337 1516 fian
1346 1482 1470 1517 forsitan
1480 1485 1521 1517 est
1529 1483 1667 1518 absolute

178 1529 330 1575 possibile,
345 1530 432 1575 quod
440 1530 525 1563 Deus
533 1530 643 1563 faceret
650 1531 782 1575 aliquam
796 1541 934 1562 naturam
945 1528 1171 1561 immaterialem
1179 1528 1313 1562 omnino
1322 1527 1444 1562 liberam
1453 1529 1490 1563 ad
1499 1527 1668 1563 volendum

180 1575 363 1610 fineiudicio
372 1578 494 1611 tationis
504 1591 511 1609 ε
522 1587 559 1609 ex
568 1587 630 1621 quo
639 1578 718 1610 enim
729 1588 809 1610 nunc
817 1576 884 1609 facit
894 1586 984 1609 vnam
994 1585 1128 1607 naturam
1138 1573 1302 1608 habentem
1312 1577 1464 1618 potentias
1474 1574 1540 1610 illas
1548 1575 1667 1613 ambas,

179 1620 288 1666 posset,
298 1632 331 1655 vt
339 1622 467 1659 videtur,
477 1624 569 1656 iacere
577 1623 680 1662 aliam,
688 1634 753 1667 quae
762 1621 933 1655 vtramlibet
942 1620 1061 1652 tantum
1070 1619 1195 1653 haberet
1215 1636 1222 1653 :
1242 1619 1260 1653 li
1270 1621 1361 1663 igitur
1371 1621 1458 1654 talem
1467 1622 1579 1654 faceret
1588 1632 1666 1656 crea—

180 1678 293 1709 turam,
308 1668 371 1713 ipsa
388 1667 458 1702 ess'et
467 1670 552 1713 aeque
561 1667 665 1708 libera,
679 1667 751 1701 sicut
759 1667 857 1701 homo
868 1668 916 1701 vel
924 1666 1077 1710 Angelus,
1093 1677 1161 1710 quae
1170 1677 1271 1700 tamen
1282 1666 1414 1701 omnino
1425 1671 1533 1700 mereri
1542 1665 1589 1700 vel
1599 1679 1667 1709 pec-

179 1724 247 1748 eare
254 1724 314 1747 non
323 1713 431 1760 posset,
444 1714 483 1748 εὸ
492 1714 573 1758 quod
583 1725 694 1748 careret
704 1714 815 1747 iudicio
825 1715 962 1749 rationis,
978 1715 1024 1744 cui
1034 1710 1060 1743 sc
1069 1711 1164 1746 libere
1175 1712 1391 1751 conformaret,
1405 1711 1452 1745 vel
1461 1716 1552 1746 etiam
1560 1711 1666 1747 diffor-

179 1770 285 1794 maret.
311 1762 359 1793 Est
368 1763 455 1794 etiam
471 1760 715 1805 inexpugnabilis
724 1763 800 1794 tatio
815 1758 1124 1805 possibilisassignan,
1140 1769 1230 1802 quare
1239 1761 1399 1792 necessitas
1412 1760 1442 1791 in
1458 1758 1614 1792 voluntate
1623 1770 1667 1790 re-

180 1804 280 1849 ᾦοᾶυ
288 1807 452 1839 voluntatis
458 1806 566 1840 diuinae
577 1808 760 1849 compatitur
767 1808 923 1843 meritum,
934 1811 965 1838 8(
983 1805 1040 1837 alia
1055 1803 1136 1837 nulla
1151 1806 1289 1838 omnino.
1316 1806 1381 1848 Ipsa
1390 1807 1472 1837 enim
1482 1804 1666 1849 compatitur

181 1853 322 1886 meritum
334 1863 456 1896 propter
465 1856 612 1886 tationem
622 1863 715 1895 quam
724 1853 805 1885 osten
811 1851 852 1885 fio
861 1851 1012 1887 corollarii
1023 1851 1111 1894 primi
1121 1849 1209 1883 huius
1219 1849 1363 1894 assignas
1377 1851 1407 1885 ὅ(
1417 1861 1447 1882 vt
1459 1850 1587 1882 breuiter
1595 1852 1665 1883 rati-

128 1903 162 1937 D
180 1909 275 1930 onem
284 1897 373 1931 huius
381 1900 538 1941 assignem,
555 1897 626 1930 dico
643 1897 728 1941 quod
743 1908 849 1931 natura
866 1898 1032 1930 voluntatis
1042 1906 1149 1929 creatae
1156 1896 1195 1928 est
1204 1896 1279 1932 talis.
1296 1907 1328 1928 vt
1339 1897 1367 1927 in
1377 1894 1431 1928 suis
1442 1895 1557 1929 astibus
1566 1894 1666 1928 liberis

180 1942 354 1977 nullicausae
364 1943 498 1977 secunda:
508 1944 545 1977 de
554 1945 727 1976 necessitate
734 1941 884 1979 subdatur,
893 1954 925 1976 vt
935 1953 1056 1975 tertium
1067 1941 1187 1974 secundi
1195 1941 1336 1977 ostendit,
1347 1941 1394 1974 sed
1406 1941 1521 1974 tantum
1533 1942 1614 1977 Deo,
1631 1939 1666 1972 si-

179 2000 230 2023 cut
241 2000 290 2032 30.
301 1989 434 2026 secundi,
445 1991 511 2025 δεῖ..
519 1991 595 2027 tertii
607 1989 789 2023 docuerunt.
807 1989 907 2030 Quod
917 1990 946 2024 ὅ(
955 1987 1033 2021 bene
1042 1993 1072 2019 in
1083 1987 1369 2030 primainstitutionc
1376 1987 1511 2019 hominis
1521 1988 1666 2019 monstra-

179 2033 279 2075 batur,
286 2035 408 2080 quando
418 2035 510 2069 fuerat
519 2037 717 2072 institutus,vt
727 2036 779 2068 soli
790 2037 862 2068 Deo
871 2033 1185 2077 subesset,caeterisque
1192 2031 1334 2077 praeesset,
1344 2033 1414 2066 sicut
1422 2031 1541 2065 historia
1551 2033 1629 2065 Gen.
1637 2043 1663 2065 t.

178 2080 280 2122 dooet3
289 2083 456 2126 quate&in
464 2083 572 2115 merito
583 2079 668 2114 fimili
678 2081 775 2113 modo
785 2082 851 2114 erit:
860 2081 932 2114 nulli
943 2082 1030 2113 etiam
1040 2080 1134 2112 menti
1143 2079 1283 2113 rationali
1291 2078 1416 2111 dubium
1426 2078 1515 2111 debet
1523 2076 1663 2121 csse,quin

180 2127 312 2162 Creator
321 2129 518 2171 omnipotens
528 2126 612 2171 super
621 2137 782 2161 creaturam
793 2126 980 2165 rationalem,
993 2125 1065 2157 sicut
1079 2131 1110 2158 ὅ(
1126 2123 1213 2168 super
1220 2124 1388 2159 vniuetsam
1397 2135 1574 2162 creaturam,
1592 2133 1664 2167 prx-

177 2174 318 2217 rogatiua
325 2173 424 2218 aliqua
430 2174 546 2215 speciali
554 2175 663 2207 caetcris
669 2174 774 2205 affluis
781 2167 974 2217 agentibusve
983 2173 1086 2204 creatis
1093 2179 1146 2203 aut
1153 2169 1330 2204 creabilibus
1340 2170 1482 2202 vniuetiis
1492 2169 1524 2201 fit
1533 2171 1664 2202 rationa—

177 2214 497 2263 biliterpraeferendus.
521 2221 590 2252 Nec
600 2219 658 2252 vlla
666 2217 820 2252 necessitas
828 2218 882 2251 alia
891 2218 1076 2261 compatitur
1085 2218 1238 2250 meritum.
1266 2217 1349 2250 Nam
1366 2216 1403 2248 de
1418 2213 1588 2248 necessitate
1597 2216 1663 2248 vio-

177 2263 259 2298 lenta
266 2273 297 2298 δι
305 2267 435 2298 omnino
445 2267 537 2298 inuita
546 2265 643 2298 nullus
652 2263 768 2296 dubitat
776 2276 824 2298 aut
832 2262 1125 2308 ignorar,omnisque
1134 2263 1293 2295 necessitas
1302 2262 1438 2296 naturalis
1448 2263 1487 2294 cst
1496 2260 1592 2302 forme
1601 2271 1664 2293 ma-

179 2310 288 2345 terialis
297 2317 328 2345 &
337 2311 526 2345 irrationalis,
545 2309 615 2343 sicut
623 2322 658 2344 ex
668 2311 755 2342 tertio
765 2309 885 2342 secundi
896 2309 991 2354 potest
1000 2308 1103 2342 haberi
1120 2322 1128 2342 z
1147 2319 1238 2352 quare
1248 2306 1412 2341 secundum
1423 2305 1596 2349 praeostensa
1607 2306 1664 2338 isto

178 2357 311 2401 capitulo
319 2366 458 2390 metitum
469 2356 578 2390 habere
585 2368 647 2389 non
658 2357 765 2401 potest.
786 2355 878 2389 Vnde
885 2355 1072 2399 Augustinus
1081 2356 1110 2387 in
1121 2353 1337 2399 quaestionibus
1346 2355 1451 2387 veteris
1459 2352 1490 2386 ὅ(
1500 2355 1574 2384 noui
1583 2353 1665 2385 testa-
1684 2353 1840 2394 Augustinus.

178 2403 277 2435 menti
285 2403 449 2447 quaestione
456 2401 584 2436 secunda
595 2413 604 2437 ς
613 2400 763 2435 Diabolus
772 2400 792 2434 si
801 2413 904 2436 natura
912 2401 1009 2434 malus
1018 2399 1287 2441 esset,voluntatem
1296 2411 1358 2431 non
1367 2397 1491 2432 habetet
1501 2411 1508 2428 ε
1518 2409 1572 2431 nec
1581 2400 1663 2429 enim

124 2453 151 2485 E
180 2447 275 2492 posset
282 2447 511 2484 discernere,scd
520 2458 582 2480 vno
592 2459 680 2492 atque
687 2446 798 2481 eodem
806 2448 879 2481 loco
887 2446 1031 2480 omnibus
1041 2449 1070 2480 se
1078 2446 1161 2491 quasi
1170 2457 1276 2480 coecus
1285 2447 1487 2488 immergeret.
1514 2442 1609 2476 Porro
1617 2454 1666 2477 au-

180 2503 243 2527 tem
252 2493 364 2527 iudicio
374 2495 511 2539 quodam
522 2493 579 2527 hoc
587 2494 668 2532 facit;
679 2493 758 2527 vnde
767 2493 954 2527 manifestum
963 2495 1004 2527 est
1014 2492 1201 2526 voluntatem
1211 2494 1274 2525 eius
1283 2491 1340 2524 effe
1350 2493 1380 2523 in
1390 2489 1522 2522 crimine.
1530 2490 1566 2521 Et
1575 2490 1664 2529 infra,

182 2540 214 2572 Si
222 2538 287 2572 haec
295 2541 464 2574 naturaliter
473 2552 590 2584 putatur
600 2541 707 2578 facere,
716 2550 780 2573 reus
789 2541 926 2573 constitui
934 2551 995 2573 non
1006 2537 1019 2569 ΙΙ
1024 2538 1112 2583 potest
1119 2553 1129 2570 .·
1136 2537 1299 2582 quomodo
1308 2548 1390 2570 enim
1400 2547 1467 2569 teus
1477 2536 1667 2567 constituitur
1686 2536 1698 2577 {l
1710 2536 1800 2578 posset-

181 2587 233 2629 qu'i
242 2585 332 2619 nescit
338 2586 410 2630 quid
419 2585 491 2619 facit
501 2593 509 2617 Ξ
527 2585 572 2619 Ita
580 2587 610 2621 ἀ
620 2584 759 2619 diabolus
768 2585 787 2617 fi
796 2585 913 2618 bonum
923 2583 1027 2624 nescit,
1044 2595 1133 2629 quare
1140 2583 1332 2617 damnandus
1339 2583 1484 2619 censetur,
1492 2582 1545 2624 qui
1554 2592 1617 2613 non
1624 2579 1668 2614 fa-

181 2632 222 2663 cit
231 2630 313 2674 quod
321 2633 432 2665 nescit!
447 2632 519 2665 Nos
527 2641 626 2665 autern
638 2635 701 2664 iure
710 2633 750 2664 rei
759 2632 980 2666 constituimur,
999 2634 1069 2674 quia
1084 2629 1166 2663 aliud
1182 2629 1308 2662 facimus
1327 2629 1423 2673 quam
1440 2628 1546 2659 scimus
1556 2625 1667 2659 debere

183 2684 242 2710 nos
250 2675 353 2710 facere.
371 2679 490 2711 Omnis
501 2689 625 2722 quoque
632 2678 743 2715 forma,
761 2676 856 2721 siquae
867 2676 901 2710 fit
918 2675 1048 2710 subiecta
1063 2674 1230 2709 necessitati
1241 2675 1321 2707 fatali
1332 2674 1491 2709 stellarum,
1505 2671 1666 2705 necessario

180 2722 224 2756 est
232 2723 390 2757 materialis
401 2723 431 2757 ὃ(
440 2735 492 2767 per
502 2723 689 2767 consequens
697 2722 875 2756 irrationalis
886 2734 994 2766 ;quare
1004 2721 1167 2755 secundum
1179 2721 1322 2765 praemiffa
1331 2732 1392 2752 non
1400 2720 1439 2751 est
1449 2719 1546 2751 metiti
1555 2717 1668 2761 suscep-

182 2768 246 2801 tiua
264 2781 272 2800 ε
291 2779 361 2801 nam
369 2769 449 2803 nulla
458 2768 559 2802 forma
568 2769 768 2802 immaterialis
786 2768 816 2801 ἃ
831 2769 984 2801 rationalis
999 2768 1154 2805 subiicitur
1169 2766 1326 2800 necessitati
1342 2765 1544 2807 cuiuscunque
1560 2763 1668 2796 formae

183 2814 344 2847 materialis
354 2814 568 2849 &irrationalis
578 2826 629 2857 per
637 2815 757 2848 tertium
769 2813 888 2848 secund·
900 2827 909 2847 :
919 2826 980 2846 non
990 2816 1069 2846 enim
1078 2812 1193 2845 deceret
1201 2824 1298 2845 rerum
1309 2811 1448 2845 ordinem
1457 2809 1668 2845 naturalem‚vt

183 2858 345 2903 perfectius
354 2860 580 2905 imperfeffloti,
596 2860 743 2894 rationale
756 2861 927 2900 irrationali,
940 2861 970 2895 ὃ(
981 2858 1095 2903 sapiens
1106 2857 1179 2892 nihil
1188 2857 1285 2892 scienti
1295 2859 1425 2891 omnino
1435 2852 1595 2932 neccffihtio
1603 2852 1669 2887 sub-

1028 2905 1063 2936 M
1070 2916 1100 2937 m
1110 2915 1141 2936 m
1158 2915 1176 2936 2
1561 2911 1669 2935 eretur⁶
